3194 5102
296 219 336 276 10
707 205 1014 272 PRAEFATIO.

338 379 547 474 Editionem
578 379 685 473 hujus
707 378 850 450 fabulae
880 375 1092 477 promiserat
1117 374 1171 456 vir
1193 371 1352 470 ingenio,
1374 369 1442 442 do-

289 493 405 566 ctrina
433 505 469 563 et
494 489 712 563 Graecarum
739 491 919 563 literarum
951 513 1071 562 amore
1096 487 1158 560 vix
1185 486 1356 582 cuiquam
1384 507 1442 554 se-

290 605 442 696 cundus,
469 603 646 702 Georgius
672 603 880 701 Burgesius‚
906 603 1031 700 quiin
1056 599 1239 674 'Itoadum
1266 597 1439 686 editione,

288 740 399 810 quam
427 740 542 812 paene
567 741 657 812 puer
685 714 852 805 instituit,
869 717 978 788 talem
996 715 1041 786 de
1059 740 1096 786 se
1124 737 1226 811 spem
1255 709 1440 798 excitavit,

288 829 448 926 qualern,
461 855 543 902 mea
569 829 755 917 sententia,
777 849 885 901 nemo
913 841 995 902 ante
1022 853 1103 901 eum
1130 827 1216 899 huie
1234 825 1439 898 studiorum

290 943 413 1045 generi
431 943 594 1016 addictus
612 942 912 1016 adolescentulus.
938 943 956 1016 l
960 969 975 1016 s
991 943 1020 1014 si
1037 943 1075 1015 in
1087 941 1313 1015 Baccharum
1330 941 1442 1013 eden-

290 1057 415 1130 darum
434 1055 619 1154 proposito
635 1054 859 1153 perstitisset,
872 1081 940 1152 ego
958 1080 1106 1126 manum
1125 1053 1389 1141 abstinuissem,
1402 1065 1441 1125 et

262 1187 266 1194 '
291 1166 336 1239 ad
352 1167 460 1238 alium
477 1166 635 1263 aliquem
648 1168 807 1240 laborem
821 1167 1016 1240 literarium
1032 1191 1090 1237 me
1103 1163 1346 1239 contulissem.
1364 1163 1439 1236 sed

288 1283 487 1358 constituto
514 1282 656 1356 fabulae
684 1295 787 1356 textu
813 1309 886 1355 non
912 1283 1004 1354 ultra
1031 1279 1202 1378 processit
1228 1279 1435 1376 Burgesius,

290 1423 410 1493 neque
437 1395 567 1483 adhuc,
592 1408 633 1467 ut
659 1396 807 1493 abipso
833 1393 950 1482 audio,
973 1391 1169 1489 quidquam
1197 1389 1438 1462 annotationis

289 1511 467 1609 scriptum
498 1509 619 1580 habet.
669 1508 807 1581 'sextus
842 1509 896 1580 sui
930 1504 1142 1612 inspiciendi
1174 1502 1315 1602 copiam
1344 1501 1436 1574 mihi

292 1621 380 1695 feeit
405 1621 459 1692 vir
486 1621 734 1692 amicissimus.
787 1619 908 1692 Multa
938 1619 975 1689 in
1006 1643 1049 1689 eo
1078 1616 1216 1714 optime
1243 1613 1438 1688 constituta

291 1733 419 1833 reperi.
447 1779 451 1784 -
472 1733 543 1805 Sed
563 1732 742 1831 pruritum
759 1731 860 1803 illum
881 1729 1091 1830 corrigendi,
1107 1729 1215 1800 etiam
1236 1728 1298 1799 ubi
1316 1727 1440 1799 omnia

289 1847 523 1948 integerrima
547 1860 643 1937 sunt,
660 1873 768 1944 quem
796 1847 831 1918 in
856 1873 916 1918 me
940 1843 1169 1943 reprehendit
1193 1842 1439 1930 Hermannus,

286 1989 358 2064 ego
377 1988 522 2061 quoque
539 1988 680 2059 nequeo
698 1988 771 2035 non
788 1960 1047 2060 reprehendere
1065 1959 1102 2030 in
1118 1957 1308 2056 Burgesio.

348 2078 420 2150 His
456 2077 565 2173 igitur
598 2073 764 2149 subsidiis
799 2073 949 2177 aliisque
982 2069 1197 2168 quibusdam
1232 2067 1439 2165 instructus,

291 2190 486 2261 editionem
505 2188 689 2286 Euripidis
707 2187 933 2260 Baccharum
960 2185 1080 2283 paravi
1107 2182 1348 2281 superioribus
1375 2181 1440 2255 ali-

289 2312 428 2396 quanto
445 2298 593 2369 fortasse
610 2299 805 2369 meliorem.
855 2297 961 2370 Licet
983 2298 1079 2369 enim
1099 2297 1167 2370 hae
1185 2296 1291 2369 laude
1309 2323 1436 2370 cumu-

290 2412 365 2483 lare
390 2410 565 2497 libellum,
591 2408 629 2479 in
658 2433 730 2504 quo
759 2409 1008 2483 concinnando
1037 2411 1120 2509 plus
1149 2410 1321 2508 temporis
1351 2437 1438 2483 eon-

287 2519 413 2609 sumsi,
431 2519 759 2617 quamquisquam
785 2522 874 2594 alius
896 2548 1032 2613 eorum,
1058 2523 1121 2619 qui
1147 2521 1263 2595 eidem
1290 2522 1437 2620 negotio

288 2656 436 2733 operam
463 2631 647 2705 dederunt.
699 2633 770 2706 Sed
796 2637 951 2707 multum
980 2637 1092 2725 abest,
1115 2637 1202 2734 quin
1229 2635 1348 2709 studio
1375 2649 1438 2710 aut

281 2745 556 2847 'exspectationi'
582 2771 684 2817 meae
716 2746 940 2845 responderit
969 2761 1137 2820 eventus:
1173 2775 1290 2845 neque
1321 2749 1436 2822 ullum

291 2881 452 2956 unquam
470 2857 508 2929 in
527 2857 597 2934 hoc
619 2882 748 2954 genere
773 2857 932 2930 laborem
961 2884 1145 2956 aggressus
1172 2885 1264 2949 sum,
1281 2860 1345 2955 qui
1370 2859 1438 2932 mi-

289 3001 358 3047 nus
381 2999 550 3074 prospere
568 2973 659 3046 mihi
677 2974 822 3046 cessisse
839 2973 1009 3046 videatur.
1059 2973 1128 3044 Est
1153 2974 1250 3046 enim
1278 2975 1367 3047 haec
1383 2975 1437 3047 fa·

278 3090 376 3162 :bula
400 3091 507 3186 plena
535 3091 798 3178 difficultatum,
825 3115 917 3186 quae
947 3115 1065 3162 meam
1093 3103 1129 3162 et
1154 3071 1368 3165 emendandi
1399 3104 1435 3167 et

290 3205 496 3304 explicandi
513 3207 718 3278 facultatem
743 3207 850 3304 longe
877 3219 1056 3303 superant.
1108 3207 1262 3290 Meliora
1286 3210 1435 3283 fortasse

288 3320 497 3421 propediem
527 3319 666 3391 dabunt
696 3317 766 3390 alii.
818 3318 965 3391 Etenim
990 3319 1081 3393 haec
1103 3333 1198 3392 aetas
1215 3321 1435 3394 feracissima

285 3448 344 3510 est
354 3433 606 3508 excellentium
618 3431 841 3529 ingeniorum
854 3430 1071 3530 philologiae
1082 3433 1207 3507 studiis
1217 3433 1433 3511 deditorum.

280 3607 502 3681 ‘eligatiseimum
516 3605 545 3660 in
562 3603 634 3658 hunc
653 3603 741 3674 ipsum
761 3602 836 3657 uobis
880 3599 928 3674 jus
942 3600 1052 3660 fabulae
1066 3618 1174 3679 v.s325.
1197 3603 1348 3681 legendum
1370 3623 1433 3662 mo-

282 3705 367 3743 «usum
399 3702 550 3742 concessum
579 3681 672 3738 sedulo
703 3679 834 3736 imitarer.
885 3692 935 3737 net
953 3685 1002 3738 ἀνὰ
1021 3683 1099 3751 πόλιν,
1114 3703 1186 3761 quae
1208 3682 1269 3760 ipsa
1290 3683 1432 3762 Herragi·

287 3764 448 3839 Exemplar,
459 3764 534 3840 quod
545 3761 638 3839 operis
652 3758 709 3817 suis
721 3757 836 3816 tradidit
885 3779 954 3818 anae
981 3760 1087 3839 primae
1114 3761 1251 3838 scriptura
1275 3775 1327 3820 est.
1375 3765 1431 3822 Sed

289 3841 442 3933 Oporinus,
489 3841 685 3920 Hervagianae
729 3837 836 3916 primae
884 3841 1004 3898 Brodaei
1018 3841 1430 3921 correctionesemarginerll-

289 3921 375 3978 husae
399 3921 554 3977 ostendunt
588 3939 695 3979 errores
723 3917 836 3996 plurimi
883 3919 967 3978 dinae
995 3920 1024 3977 in
1051 3919 1207 3998 marginem
1235 3921 1430 4000 Hervagianae

287 4013 318 4058 et
331 3997 486 4078 gravissimi
500 3998 609 4076 utrique
623 3999 739 4059 editioni
754 4019 832 4056 com·
883 3999 991 4077 primae
1009 3999 1190 4077 transcriptas
1209 4000 1340 4060 habuisse
1352 4002 1428 4061 rida-

289 4098 398 4146 munes,
419 4097 511 4154 neque
531 4097 564 4136 ex
583 4079 687 4138 Aldina
708 4078 833 4137 derivati.
883 4091 930 4136 tur
943 4077 1096 4155 Oporinus‚
1108 4079 1166 4139 fere
1179 4093 1211 4138 ut
1224 4080 1314 4159 Magii
1328 4081 1427 4140 lectio-

288 4160 447 4218 Brodaeum
462 4157 575 4234 quidem
589 4158 691 4218 Aldina
709 4158 833 4217 editione
883 4178 947 4226 nes,¹
965 4158 1000 4216 de
1019 4158 1121 4234 quibus
1142 4159 1171 4217 in
1194 4161 1367 4238 praefatione
1392 4163 1428 4220 ad

282 4259 371 4296 usum
386 4257 447 4297 esse
460 4237 557 4295 multis
577 4238 748 4316 argumentis
762 4259 831 4298 eon·
882 4239 1016 4297 Medeam
1030 4238 1082 4318 egi,
1098 4258 1132 4297 ex
1147 4240 1324 4332 Hervagiana
1336 4241 1428 4317 prima

282 4327 365 4380 stati
378 4321 507 4383 Quorum
520 4337 609 4376 unum
623 4330 675 4386 est,
689 4320 765 4396 quod
779 4321 831 4376 hu·
882 4318 912 4377 in
926 4319 1077 4378 secundam
1091 4319 1265 4398 transcripsit
1278 4319 1411 4400 Scaliger.

569 4734 1189 5062 ἠῢ
