3220 5102
295 185 351 269 66.
586 197 888 283 arr-rumor
924 197 1142 262 unnxnr.

408 411 465 455 ταν
485 372 639 455 θνατοῖσιν
649 374 802 482 Ἔρωτες·

410 501 568 606 ῒΠοίφον
587 501 625 592 d,
645 500 685 582 οἳν
704 504 923 609 ἓκοιτὸστομοι

409 621 585 730 βαρβάρου
603 626 759 728 ποταμοῦ
777 629 846 730 ῥοαὶ

412 751 625 857 καρπίζουσιν
643 750 813 856 ἄνομβροι.

409 877 490 956 ’ὅπου
510 873 798 980 καλλιστευομένα

411 1001 527 1104 Πιερία
544 995 697 1104 μοίσειος
715 992 805 1103 ἕδρα,

299 1289 387 1340 μονται
410 1265 548 1343 significat
571 1265 704 1332 habitant,
725 1267 848 1321 θνατοῖσιν
897 1284 988 1342 posse.
1024 1265 1079 1322 Sed
1100 1263 1170 1322 nihil
1185 1262 1279 1332 efficit,
1294 1284 1358 1322 mea
1377 1264 1441 1342 qul·

301 1364 366 1403 cum
380 1344 528 1421 θελξίφρονες
547 1343 776 1421 conjungendum
793 1354 846 1401 est.
897 1345 961 1402 dem
976 1344 1124 1402 sententia.
1149 1345 1234 1402 Seour
1248 1344 1390 1402 Brunckio
1402 1345 1442 1402 vi·

303 1427 408 1482 Sensus
422 1435 482 1482 est:
502 1422 560 1480 ἕνθα
570 1427 731 1499 διατρίβουσιν
741 1429 762 1478 οἶ
770 1419 847 1498 Ἐρο·
897 1443 960 1481 snm
975 1436 1026 1491 est,
1041 1424 1087 1500 qui
1106 1421 1297 1494 conjecturam
1311 1423 1371 1498 ejus
1385 1431 1443 1500 ἐρα·

302 1529 343 1570 τες
355 1509 376 1560 ol
390 1504 515 1576 θίλοροντες
527 1507 575 1568 τὰς
587 1503 675 1578 φρένας
687 1510 737 1567 τοῖς
749 1506 847 1571 θνητοῖς.
897 1504 1012 1577 τίστομνι
1025 1502 1146 1560 admisit.
1176 1501 1317 1560 Matthiae
1331 1523 1443 1562 revoca·

342 1601 410 1656 404.
432 1583 464 1639 F.
480 1586 565 1658 Φάρον,
587 1581 708 1638 insulam
727 1579 848 1659 Aegypti
898 1581 937 1638 vit
949 1583 1118 1655 ἑκατόστομοι,
1133 1583 1209 1658 qnod
1228 1602 1278 1659 pro
1297 1587 1445 1657 τολιίοτομοι

302 1663 377 1739 apud
386 1661 590 1720 Alexandriam.
605 1660 848 1736 Saneinsequen·
899 1660 1010 1738 poetica
1035 1661 1156 1738 quadam
1190 1661 1305 1719 lieentia
1336 1661 1443 1720 dicum

303 1743 379 1802 tibus
398 1740 497 1800 Nilum
516 1739 657 1798 describit.
687 1740 849 1797 Rutenos.
899 1753 951 1798 est.
993 1741 1069 1802 Quid
1083 1741 1113 1798 in
1132 1740 1227 1799 auimo
1241 1741 1443 1799 habueritEu·

302 1823 420 1899 Negant
432 1822 486 1878 hoc
500 1820 633 1896 plerique.
654 1819 800 1876 Brodaeus
814 1821 850 1877 ud
899 1819 1010 1898 ripides,
1036 1839 1122 1896 quum
1145 1821 1273 1898 Paphum
1298 1834 1327 1878 et
1349 1823 1444 1899 Aegy·

303 1908 413 1974 τοταμοῦ
421 1898 580 1958 annotavit:
594 1901 663 1973 Lyci
662 1899 788 1975 fluminis
793 1923 803 1955 .·
815 1899 850 1956 ad
898 1912 980 1992 ptum
990 1900 1044 1957 hoo
1055 1900 1141 1958 modo
1148 1898 1363 1978 conjunxitego
1374 1919 1444 1958 oon-

303 1980 427 2055 ἄνομβροι,
456 1982 581 2035 continno
599 1979 729 2054 fluenter,
758 1981 795 2034 ad
821 1981 851 2034 id
894 1978 983 2053 Jioere
1003 1997 1121 2055 nequeo.
1159 1981 1260 2037 Strabo
1282 2000 1310 2056 p.
1325 1981 1393 2054 683.
1408 1981 1443 2038 C.

304 2079 378 2134 apua
408 2061 516 2116 coelesti
548 2061 657 2114 minime
691 2060 850 2132 indigenter.
899 2061 967 2135 φασὶ
980 2063 1041 2124 δίίς
1052 2057 1235 2134 Ἀλεξάνδρειαν
1245 2065 1273 2115 ἔκ
1283 2063 1374 2135 Πάφον
1383 2060 1446 2125 τινὲς

305 2138 359 2196 Cui
383 2140 491 2196 Graece
513 2137 665 2214 respondet
688 2136 848 2204 3811188188,
900 2135 961 2195 είναι
974 2143 1086 2204 σταδίους
1097 2141 1243 2213 τρισχιὶίους
1256 2136 1399 2204 ἑξακοσίους.

304 2217 370 2276 lioet
392 2236 450 2273 non
471 2216 577 2293 optime
600 2217 723 2274 Graece:
750 2223 783 2272 ot
804 2217 851 2288 μὲν
940 2219 1009 2290 406.
1030 2216 1172 2274 Matthiae
1185 2217 1310 2292 ἄνομβροι.

303 2297 413 2369 marein
436 2301 511 2352 Λύκον
534 2299 746 2369 ὑπολαμβάνωσιν
766 2298 851 2353 ἐνθάδε
940 2313 1010 2372 407.
1031 2297 1107 2353 Mire
1119 2295 1288 2354 desultorius
1305 2296 1446 2354 estEuri-

305 2378 479 2449 σημαίνεσθαι.
509 2375 573 2439 οὗτος
596 2375 621 2432 δὲ
646 2377 790 2449 τροβοίλλον
816 2382 851 2446 τᾷ
893 2375 988 2454 pides,
1002 2388 1030 2433 et
1045 2395 1106 2433 vere
1119 2376 1272 2434 baechatur
1291 2395 1356 2434 cum
1369 2377 1445 2434 Bae·

307 2458 438 2530 Μαιάνδρῳ
452 2460 480 2510 ἐκ
494 2457 593 2527 Κάδμου
605 2462 647 2510 τοῦ
660 2450 721 2527 ἰ’ρονς
734 2454 797 2526 ῥέων,
812 2460 852 2509 οὐκ
902 2455 962 2512 chls
976 2455 1032 2513 suls
1046 2474 1062 2512 e
1076 2458 1169 2532 Cypro
1183 2456 1218 2512 ad
1231 2455 1331 2512 Nilum
1344 2467 1374 2513 et
1387 2467 1446 2513 818·

307 2531 418 2600 οἶδ’ίσονς
431 2539 464 2598 είς
477 2537 567 2608 Κείοιρον
580 2531 691 2606 ἔρχηται.
712 2532 792 2589 ldem
808 2531 852 2588 dl·
901 2534 954 2592 tim
981 2534 1010 2592 ln
1037 2529 1235 2592 Macedoniam
1264 2534 1445 2593 masiliam.

307 2614 429 2672 nendum
456 2613 491 2670 de
519 2612 607 2669 altero
635 2612 722 2690 Lyco,
747 2610 796 2687 qui
823 2611 852 2668 in
902 2615 1063 2672 Rnrsmns.
1104 2613 1290 2678 Meminerint
1318 2615 1446 2684 lectores,

308 2712 385 2750 nrare
397 2690 538 2749 Euxinum
554 2690 623 2748 fluit.
657 2689 787 2748 Bamesii
806 2689 851 2747 in·
903 2694 976 2751 hano
1003 2693 1175 2772 tragoediam
1208 2693 1237 2751 in
1267 2695 1447 2762 Macedonia·

308 2771 472 2850 terpretatio
501 2776 561 2849 ejus
588 2773 697 2828 Graeca
727 2770 853 2828 oratione
903 2772 952 2831 ubi
979 2772 1053 2830 diem
1083 2793 1244 2852 supremum
1273 2774 1354 2844 obiit,
1377 2774 1447 2832 sori·

309 2852 398 2911 nihilo
412 2851 575 2910 meliorest.
605 2852 700 2908 Verba
717 2850 852 2907 ἐκατίστο-
903 2852 992 2930 psisse
1005 2851 1180 2930 Euripidem.
1215 2855 1286 2914 Inde
1300 2867 1352 2922 est,
1371 2855 1448 2931 quod

306 2958 347 3006 μοι
367 2936 491 3008 βαρβάρου
503 2939 612 3005 τιταροῦ
632 2934 683 3006 ῥοαὶ
704 2929 744 2988 ita
764 2929 851 3006 expli·
903 2952 965 2991 eam
979 2932 1121 3011 regionem
1134 2934 1221 2992 tantis
1232 2935 1360 2993 laudibus
1373 2935 1448 2992 hand

307 3025 371 3071 eat:
394 3019 422 3070 at
441 3015 532 3069 πολλοὶ
545 3014 667 3088 ἐτεισροαὶ
679 3017 726 3067 cdv
739 3016 854 3081 τοταμόν
904 3013 990 3071 semel
1011 3013 1127 3070 extollit.
1168 3015 1248 3072 Alter
1268 3015 1347 3072 locus
1367 3026 1410 3071 est
1423 3033 1447 3070 ν.

308 3100 411 3159 σολλῢν,
426 3099 473 3147 τῶν
493 3093 562 3168 ἀμφὶ
581 3093 625 3160 τὴν
644 3093 742 3166 Κοίοιρον,
758 3096 787 3146 ul
806 3091 854 3146 alai
905 3094 972 3168 565.
999 3098 1084 3168 μάκαρ
1112 3087 1130 3148 d
1155 3098 1248 3169 Πιερία,
1268 3091 1273 3173 Ι
1291 3096 1398 3164 σέβεταί
1422 3100 1448 3149 ον’

309 3177 351 3226 τοῦ
371 3176 481 3235 ὠκεανοῦ,
496 3178 539 3226 τοῦ
556 3174 667 3244 μεγάλου
686 3170 790 3238 δηλονότι
810 3193 853 3224 νιο-
904 3173 978 3237 Educ,
992 3197 1016 3229 ιε.
1027 3196 1052 3228 τ.
1064 3178 1085 3228 ἑ.

309 3257 398 3321 eapti,
420 3249 582 3323 ἀπορρέουσαν.
618 3247 757 3304 NOnnlhll
777 3246 855 3304 addit
946 3253 1015 3308 lbld.
1034 3251 1448 3327 Pal-inonddxahhmwptlm.

310 3329 346 3385 de
359 3328 483 3405 epitheto
496 3330 629 3402 βαρβάρου,
643 3327 791 3382 verborum
805 3346 853 3383 au·
905 3329 953 3386 Sic
976 3328 1061 3386 etiam
1090 3333 1174 3389 Laur.
1201 3352 1217 3389 a
1239 3332 1331 3410 prima
1354 3346 1449 3390 manu.

311 3423 368 3466 tem
389 3411 546 3482 καρπίζουσιν
565 3405 687 3479 ἄνομβροι,
707 3424 779 3480 quae
798 3409 854 3462 Ae·
905 3409 1057 3466 Bameslus
1091 3411 1106 3479 ἢ
1140 3411 1195 3468 ὅπου
1227 3414 1448 3483 καλλιστευομένα.

311 3500 427 3568 gyptum
452 3484 598 3563 designare
622 3483 757 3550 videntur,
781 3484 853 3542 diffi-
905 3488 1081 3566 Maagravius
1094 3489 1123 3546 in
1143 3503 1220 3548 textu
1242 3504 1274 3546 nt
1294 3491 1395 3566 vulgo:
1419 3491 1450 3546 in

310 3566 442 3626 cultatem
457 3564 571 3622 silentio
584 3561 748 3622 dissimulat.
772 3565 853 3620 Mna·
905 3567 1088 3626 annotatione
1102 3584 1149 3626 ant
1163 3570 1178 3639 ἢ
1191 3570 1246 3626 ίτου
1260 3589 1325 3625 oum
1339 3569 1448 3628 Burne-

310 3646 418 3725 gravins
446 3665 481 3703 ne
509 3645 606 3702 Nilum
635 3642 749 3721 quidem
780 3655 854 3700 recte
905 3646 957 3714 sio,
977 3660 1026 3704 aut
1045 3655 1070 3720 χ’
1092 3649 1153 3705 ὅτου
1172 3647 1320 3724 legendum
1341 3648 1449 3706 statuit.

311 3731 474 3799 ἕκατίοτομνν
487 3723 620 3803 appellari
635 3722 790 3790 contendit,
803 3715 854 3780 ud·
905 3727 1063 3786 Brunclrius
1080 3729 1169 3800 χβτοο.
1203 3725 1342 3784 Matthiae
1359 3727 1449 3798 χίντοο.

312 3807 379 3866 dum
400 3824 482 3883 parva
500 3805 584 3884 Cypri
598 3802 722 3870 flumina,
737 3823 855 3880 qnorum
905 3807 1037 3864 Aldinam
1050 3809 1215 3884 scripturam
1227 3805 1362 3864 revocavi.
1390 3809 1447 3863 Or·

312 3906 398 3944 unum
428 3885 457 3942 in
485 3885 581 3942 animo
607 3882 735 3941 imbuerit
762 3892 855 3960 poeta.
905 3886 942 3942 do
965 3901 1025 3944 est:
1049 3895 1128 3944 ἐκεῖσε
1149 3886 1198 3959 dyc
1218 3909 1260 3956 με,
1281 3885 1336 3940 ίτοο
1357 3897 1448 3943 καλλι-

311 3964 433 4045 Corrigit
453 3964 537 4042 igitur
555 3964 722 4040 ερατίστομοι,
744 3983 856 4020 amoeno
905 3967 1040 4038 στιοομίνα
1053 3993 1077 4022 κ.
1092 3991 1116 4021 τ.
1131 3970 1152 4021 ἑ.
1194 3965 1285 4022 Recte
1300 3963 1450 4044 distinguit

312 4050 379 4105 ostio
400 4050 427 4103 in
449 4048 565 4120 pelagus
585 4051 717 4102 coeuntes.
758 4043 854 4100 Multa
904 4044 1000 4102 Aldus.

311 4126 397 4195 addit,
421 4124 523 4203 quibus
550 4124 697 4181 ostendere
724 4134 852 4189 conatur,
942 4124 1012 4197 408.
1027 4123 1086 4180 Pal.
1096 4126 1195 4198 τιερεία.
1217 4123 1377 4180 anckius
1385 4133 1446 4182 Πιε-

280 4246 289 4264 .
310 4209 393 4268 verba
414 4209 537 4282 βαρβάρου
557 4212 667 4277 ποταμοῦ
691 4205 742 4279 ροαί
765 4207 852 4277 καρτί-
902 4207 942 4279 ρίρ
955 4221 989 4260 ex
1002 4201 1164 4274 conjectura
1184 4203 1349 4282 Musgrarii,
1365 4223 1449 4280 quam

308 4295 389 4362 ζουσα
401 4287 511 4364 ἄνομβροι
531 4303 590 4342 non
612 4282 704 4340 minus
725 4284 796 4340 bene
818 4284 853 4340 de
902 4281 1056 4360 repudiavit
1068 4282 1217 4352 Matthiae,
1232 4302 1358 4361 quaeque
1379 4282 1449 4342 mihi

310 4373 402 4449 Cypro
429 4388 511 4448 quam
539 4367 574 4424 de
601 4365 730 4440 Aegypto
763 4361 853 4438 accipi
903 4381 1014 4439 quoqne
1027 4361 1133 4420 inutilis
1147 4361 1264 4422 videtur.
