3220 5102
315 235 367 308 ον
544 309 546 316 ,
604 227 906 296 ermrnnor
940 183 1156 293 nxnxnr.

427 407 533 524 κλῄειν
552 399 674 488 aenaria
693 406 808 489 ποίννοο
827 407 949 514 πύργον
968 409 997 488 ἐν
1017 406 1144 514 κύκλῳ.

316 549 378 615 ΔΙ.
424 537 468 613 Τι’
483 531 539 629 d'3
570 539 632 631 οὐχ
649 535 878 642 ὑπερβαίνουσι
899 538 957 612 nati
976 534 1069 631 τείχη
1088 530 1152 612 θεοί
1156 571 1166 626 3
1239 561 1245 578 ·

315 677 390 740 ΠΕ.
422 659 544 765 Σοφὶς,
563 659 669 763 arvis
687 656 740 748 ab,
759 655 848 751 σλῗνν
865 653 892 736 c‘i
909 649 959 736 ίεῗ
973 662 1004 735 σ’
1025 653 1104 737 siras
1123 656 1235 760 σοφίν.
1337 724 1343 729 .

312 889 395 959 beria<
406 901 442 966 τῆ
454 895 540 949 νεωστί
553 895 655 969 νυμφίῳ,
674 888 680 971 Ι
697 895 805 964 πτωχοὺς
822 896 855 947 ἀ·
947 892 1016 948 ibid.
1036 887 1224 969 Musgravius,
1236 888 1286 966 qui
1299 889 1375 948 hunc
1387 908 1450 948 ver-

314 976 410 1029 λῖίσθοι
427 973 561 1041 entant
578 977 601 1027 τ’
616 969 702 1029 ἔσωσέ
721 978 760 1028 σὲ.
791 971 855 1047 Iph.
905 989 981 1029 sum„
989 972 1104 1028 Baccho
1126 968 1233 1037 tribuit,
1247 969 1329 1026 κέλευε
1350 969 1448 1047 legen-

314 1052 348 1108 A.
364 1067 431 1127 305.
447 1051 529 1108 Κσλίν
541 1077 572 1124 γε
584 1075 624 1123 μοι
637 1051 749 1116 τοῦνειδος
762 1045 854 1114 ἑξοννεί-
905 1049 972 1106 dum
988 1047 1143 1107 arbitratur.

313 1134 393 1197 δισονς.
427 1132 509 1188 Haec
522 1143 552 1187 et
565 1127 620 1186 alia
632 1129 722 1187 multa
735 1129 769 1185 ad
784 1129 856 1186 hanc
946 1130 982 1205 65
987 1148 1014 1202 3.
1035 1128 1140 1186 Aldus:
1157 1129 1185 1184 τί
1197 1131 1216 1184 t
1227 1131 1271 1198 οίχ
1281 1129 1450 1202 ὑπερβαίνουσι

313 1228 372 1266 rem
393 1208 549 1286 spectantia
565 1208 679 1286 collegit
699 1207 855 1267 Valckena-
905 1211 948 1266 sal
967 1209 1038 1280 τείχη
1058 1211 1110 1265 θεοί
1114 1230 1122 1274 ;
1147 1206 1213 1264 Sola
1231 1205 1447 1286 Musgraviana:

314 1287 371 1346 rius
390 1290 425 1346 ad
445 1289 527 1346 verba
538 1289 637 1356 Θήβαις
648 1292 782 1344 κάλλιστον
793 1284 854 1343 ines·
905 1292 934 1344 τί
943 1283 964 1344 δ’
977 1294 1038 1359 adm
1059 1289 1225 1363 ὑπερβαίνουσι
1244 1310 1268 1341 κ.
1283 1309 1309 1342 τ.
1319 1291 1341 1343 ε’.
1363 1287 1448 1344 Cete-

239 1413 242 1422 ,
313 1369 468 1434 taPhoen.
484 1368 551 1426 828.
572 1368 640 1424 Non
654 1366 733 1424 valde
746 1364 854 1443 perspi·
904 1385 951 1424 rae
978 1367 1155 1432 recentiores,
1183 1383 1220 1421 ne
1245 1360 1307 1441 ipso
1334 1364 1448 1441 quidem

313 1465 398 1505 cunm
423 1459 474 1514 est,
499 1466 556 1523 quo
579 1465 663 1504 sensu
683 1444 758 1502 dicat
779 1445 854 1502 Pen-
904 1445 1066 1523 Musgravio
1084 1444 1280 1521 improbante:
1303 1439 1332 1499 ’τί
1347 1449 1383 1509 8⁹3
1405 1450 1450 1516 aix

313 1526 414 1584 theus:
444 1529 586 1592 Ὦνείδισας
608 1527 636 1594 δὴ
658 1532 729 1582 τοῦτο
750 1528 856 1596 Ananiae
904 1528 1069 1600 ὑπερβαίνουσι
1087 1549 1111 1580 ιι.
1126 1548 1151 1580 τ.
1166 1528 1187 1579 ἑ.
1222 1523 1303 1583 Quae
1321 1541 1386 1580 vera
1405 1535 1451 1580 est

313 1609 398 1662 κολίν.
419 1603 550 1662 Reislrins
565 1604 600 1661 ad
613 1602 782 1680 superiorem
793 1622 854 1660 ver·
905 1603 985 1662 ratio.
1006 1604 1110 1662 Confer
1125 1604 1197 1660 Hec.
1208 1601 1274 1658 886.
1287 1602 1347 1659 Alc.
1360 1619 1448 1674 1092.

313 1701 376 1742 sum
397 1685 465 1741 baec
485 1682 571 1741 dixit:
596 1685 673 1740 Inter
690 1685 760 1740 hanc
773 1690 800 1739 et
813 1701 855 1738 se·
904 1681 1449 1759 Andr.24o.Suppl.1o52.Heracl.685.

313 1772 436 1836 συνοίσειν
457 1781 562 1820 vasam
581 1765 687 1819 videbar
699 1781 770 1819 anns
782 1765 853 1818 enoi-
945 1764 1015 1819 Ibid.
1037 1763 1093 1819 Pro
1112 1766 1161 1836 pap
1174 1762 1239 1818 MS.
1254 1761 1290 1816 E.
1304 1762 1356 1828 nai,
1371 1759 1448 1836 quod

312 1845 391 1908 duee,
406 1845 435 1898 in
449 1861 502 1916 qao
516 1843 652 1898 Pentheus
663 1844 769 1915 aliquid
781 1841 853 1913 injn·
905 1853 934 1898 et
954 1839 1080 1898 Heathio
1099 1839 1212 1917 placuit.
1233 1841 1448 1897 Musanxvros.

312 1924 385 1978 rium
397 1925 426 1978 in
439 1925 530 1978 vinnm
549 1930 576 1977 et
590 1923 728 1978 Bocchum
748 1923 855 1977 dmerit.
904 1919 983 1976 Nihil
1004 1920 1040 1977 de
1061 1921 1113 1977 hac
1134 1918 1271 1996 scriptura
1283 1918 1353 1976 dixit
1366 1919 1446 1976 Hea-

314 2002 366 2057 Cat
372 2020 490 2075 persona
499 2003 616 2074 Dionysi
625 2019 703 2058 versa
712 2001 779 2076 651.
792 2002 855 2055 οίνεί-
905 1999 990 2067 thius,
1006 1999 1098 2056 sedin
1112 2017 1191 2056 versu
1204 1999 1242 2055 ob
1261 1997 1346 2055 aliam
1366 2017 1448 2056 caus·

311 2084 383 2146 ονσος
395 2083 545 2154 respondet.
579 2079 690 2138 Addere
709 2078 854 2156 potuisset,
905 2099 965 2137 sam
984 2078 1069 2136 allato
1082 2077 1166 2135 tacite
1179 2075 1367 2134 salexhibnit.
1402 2077 1448 2134 Fax

312 2159 404 2217 simile
417 2159 522 2236 aliquid
540 2158 671 2217 accidisse
684 2159 759 2236 apud
771 2157 854 2215 Euri-
905 2158 1083 2236 Hervagiaoa
1106 2155 1196 2234 prima
1214 2155 1293 2212 fluxit
1311 2161 1370 2230 γάρ,
1412 2159 1448 2214 ln

312 2237 406 2314 pidem
421 2236 608 2314 Supplicibus‚
619 2239 669 2295 ubi
679 2237 780 2295 excidit
794 2255 868 2294 ver-·
905 2238 1006 2295 Aldina
1029 2236 1130 2314 legitur
1154 2243 1186 2314 ις,
1210 2236 1286 2312 quod
1313 2248 1447 2314 typogra-

311 2335 359 2374 sus
373 2316 417 2373 cni
431 2316 581 2393 respondet
595 2317 661 2392 764.
683 2320 759 2386 Φοίης
778 2315 817 2384 νίν,
833 2323 854 2373 εί
903 2319 976 2394 phns
995 2314 1158 2374 Basiliensis
1178 2334 1242 2372 cum
1260 2313 1292 2387 μί
1309 2314 1447 2372 confudit.

309 2399 424 2470 παρῆσθ’,
438 2396 474 2451 ίτ·
487 2398 575 2468 ἠγάπα
584 2400 680 2471 νεκροίς.
703 2395 854 2472 Ingeniosa
902 2398 973 2454 Erat
985 2396 1060 2453 enim
1074 2394 1161 2452 homo
1174 2393 1240 2450 artis
1251 2412 1317 2451 suae
1330 2393 1447 2471 imperi-

213 2516 217 2523 .
311 2486 356 2531 est
368 2475 436 2531 haec
449 2480 618 2550 conjectura,
633 2475 681 2531 sed
696 2473 788 2531 minus
802 2494 852 2532 ne·
903 2475 1036 2544 tissimus,
1046 2486 1078 2532 nt
1092 2485 1166 2531 recte
1176 2484 1274 2530 monet
1288 2473 1448 2550 Stephanus

310 2553 436 2620 cessaria.
470 2553 539 2610 Non
557 2572 628 2629 opus
642 2565 693 2620 est,
708 2565 741 2610 ut
754 2573 853 2611 mone·
904 2557 1039 2612 Annotat.
1048 2555 1078 2612 in
1093 2554 1179 2630 Soph.
1190 2565 1219 2609 et
1229 2551 1327 2629 Enrip.
1338 2573 1366 2629 p.
1380 2571 1446 2610 100.

310 2652 366 2700 am,
381 2635 455 2688 «aab
473 2631 578 2689 ironice
597 2631 651 2690 dici
672 2652 723 2710 pro
744 2635 854 2707 αίοχρίν,
904 2651 981 2708 seqq.
1003 2632 1161 2691 Brunckius
1175 2631 1289 2690 tandem
1299 2650 1333 2689 ex
1343 2631 1447 2690 Aldina

310 2710 392 2768 utin
412 2711 532 2768 Medeae
556 2710 653 2780 verbis,
677 2731 748 2788 quae
771 2731 854 2789 supra
903 2712 1041 2770 revocavit
1054 2717 1106 2770 κοί.

311 2789 401 2848 attuli.
417 2789 524 2857 Ὀνειδος
534 2790 618 2848 etiam
633 2810 690 2848 non
702 2790 793 2848 solum
806 2811 852 2847 ea·
943 2793 1011 2867 654.
1033 2792 1140 2848 Aldus:
1160 2794 1243 2868 σοφὸς,
1258 2793 1332 2868 σοφὸς
1343 2787 1374 2848 εί.
1399 2791 1446 2850 Sic

307 2872 450 2945 probratio
467 2882 519 2938 est,
534 2890 628 2928 verum
648 2871 732 2928 etiam
747 2874 851 2946 qrmeti·
901 2870 987 2928 etiam
1007 2891 1024 2928 a
1042 2871 1132 2949 prima
1152 2891 1239 2929 manu
1259 2871 1344 2928 Laur.
1359 2870 1407 2947 qni
1419 2877 1447 2946 γ’

313 2951 356 3007 bet
368 2954 409 3006 rei
422 2953 626 3024 exprobratione
635 2954 734 3024 (ίὶςνοοο
744 2954 852 3008 menno.
902 2950 1037 3008 insertum
1052 2951 1137 3008 habet
1149 2970 1166 3008 a
1176 2962 1339 3008 comestore.
1364 2949 1446 3008 Prio-

311 3029 409 3090 Qualis
427 3031 544 3088 fortasse
553 3032 554 3036 ’
564 3031 691 3088 Pentheo
710 3030 854 3089 videbatur
902 3049 959 3088 rem
975 3030 1138 3107 scripturam
1153 3029 1265 3088 exhibet
1278 3031 1340 3088 Par.
1353 3031 1387 3086 E.
1402 3029 1444 3087 al·

310 3108 367 3165 vini
394 3108 526 3166 inventio.
573 3110 617 3167 Ad
641 3129 748 3167 versum
776 3109 853 3168 enim
901 3122 989 3168 teram
1004 3111 1042 3167 G.
1073 3110 1158 3168 Hanc
1177 3109 1260 3167 tacite
1280 3109 1358 3167 dedit
1371 3111 1444 3166 Bar·

310 3186 436 3262 proxime
456 3187 627 3262 superiorem
640 3208 704 3245 eum
719 3189 854 3266 respicere
901 3190 995 3248 nesius
1016 3209 1050 3247 ex
1070 3188 1241 3263 conjectura.
1263 3208 1315 3247 nec
1335 3188 1443 3247 dissen-

310 3264 437 3322 arbitror.
472 3265 529 3325 Qui
543 3264 617 3321 enim
632 3266 710 3323 locus
724 3285 852 3324 commu·
901 3269 977 3326 tiunt
1008 3267 1197 3346 Musgravius‚
1231 3268 1389 3326 Bruncldus
1415 3280 1445 3326 et

310 3342 354 3400 nis
378 3343 557 3418 scriptoribus
584 3343 672 3420 magis
700 3344 851 3414 familiaris,
900 3347 1049 3406 Matthiae.
1081 3349 1136 3405 Sed
1152 3348 1405 3427 Pseudogregorins
1418 3367 1443 3405 v.

309 3441 394 3498 quam
407 3424 482 3496 ψόγος
490 3421 564 3477 aisne?
577 3421 666 3480 Aliter
674 3422 761 3480 sentit
769 3424 851 3481 Mus·
906 3444 991 3502 1575.
1006 3427 1090 3503 σοφὸς,7
1103 3429 1177 3504 oapi<
1195 3433 1236 3495 σὺ,
1254 3431 1297 3483 nal
1317 3433 1398 3505 σοφίίς
1417 3426 1445 3484 i·

309 3500 426 3578 gravius,
449 3499 528 3574 cujus
549 3502 631 3558 verba
653 3511 736 3559 sunt:
765 3505 853 3567 Quale
901 3507 1070 3580 τληςννίτμον.
1086 3507 1172 3565 Unde
1185 3506 1378 3584 corrigendum
1390 3527 1443 3563 no-

309 3589 401 3638 antem
415 3588 483 3644 erat,
499 3583 570 3654 qnod
589 3583 622 3637 de
643 3581 751 3638 Boccho
766 3601 851 3655 prae·
901 3598 988 3642 strum
1000 3604 1109 3642 versum
1124 3597 1221 3644 monet
1232 3586 1443 3642 PersonnsAd-

309 3663 475 3717 dicaverat?
508 3661 645 3718 Nimirum
677 3663 768 3720 divino
794 3661 852 3734 ejas
901 3683 999 3722 versat.
1022 3685 1050 3742 p.
1072 3666 1139 3741 265.
1174 3669 1219 3724 Ita
1239 3674 1335 3721 noster
1354 3663 1444 3721 Andr.

309 3742 418 3796 numine
430 3759 458 3796 se
471 3743 584 3798 vinculis
596 3744 713 3797 solatum
728 3757 789 3798 esse.
822 3744 850 3800 ls
903 3763 969 3818 244.
983 3748 1060 3823 ziph,
1074 3748 1139 3823 caph
1154 3751 1195 3812 ab,
1206 3747 1337 3800 κατθανεῖν
1349 3746 1369 3799 t
1382 3743 1446 3816 ὅμως

309 3822 436 3898 ὠνείδισας
448 3818 539 3877 reddit
544 3821 622 3897 salso
633 3823 808 3895 praedicasti.
898 3850 929 3881 σε
943 3829 986 3882 δεῖ.
1020 3826 1122 3902 Neque
1140 3824 1220 3881 aliter
1238 3821 1309 3878 infra
1331 3841 1357 3878 v.
1372 3823 1442 3898 969.

349 3897 367 3953 6
369 3911 385 3970 5
392 3916 417 3954 2.
434 3898 492 3956 Pal.
502 3909 531 3956 et
541 3919 558 3956 a
568 3899 659 3976 prima
669 3919 755 3958 manu
765 3902 851 3962 Laur.
899 3907 979 3971 Δεινίς
991 3909 1031 3974 σὺ,
1047 3907 1126 3969 δεινὸς,
1139 3904 1199 3959 ndei
1213 3905 1266 3958 δείν’
1280 3899 1344 3977 ἔρχει
1364 3905 1442 3972 τάθη.

307 3979 395 4040 κλείειν,
406 3977 482 4051 quod
495 3977 525 4035 in
535 3975 615 4059 κλῄειν
625 3979 737 4037 mutavi.
751 3981 850 4050 Recte,
900 3981 933 4040 Ei
951 4003 1002 4060 pro
1024 3988 1055 4039 ab
1080 3981 1152 4039 male
1172 3980 1307 4058 scriptum
1331 3980 1444 4039 exhibet

307 4053 337 4111 ui
357 4054 447 4123 fallor,
467 4055 539 4132 ἔκλῃε
571 4058 660 4116 Aldus
681 4061 766 4118 Rhes.
781 4079 850 4137 304.
899 4062 984 4120 etiam
999 4059 1116 4138 Amphis
1129 4060 1204 4138 apud
1217 4061 1392 4118 Athenaeum
1413 4079 1443 4138 p.

306 4135 375 4209 κλῄει
403 4134 489 4194 Herc.
509 4152 578 4212 997.
625 4138 711 4197 Plura
736 4140 772 4197 de
798 4142 851 4200 hac
901 4160 947 4216 30.
957 4141 992 4198 E.
1004 4145 1082 4218 cujus
1095 4159 1189 4198 versus
1202 4139 1242 4198 ita
1251 4139 1444 4200 constituendi

307 4213 470 4290 quaestione
491 4216 527 4274 ad
551 4217 697 4294 Sophoclis
719 4219 791 4277 Oed.
814 4222 850 4277 Τ.
900 4232 984 4278 sunt:
1000 4222 1151 4287 Atlolmh
1163 4223 1214 4289 σί;
1230 4225 1334 4298 φράσον.
1354 4228 1386 4279 B.
1399 4225 1444 4277 Ἀ·

311 4294 396 4367 1388.
432 4295 509 4352 Infra
522 4317 546 4353 v.
561 4313 647 4373 1299.
661 4317 737 4356 nunc
750 4297 851 4377 legitur
899 4304 1002 4366 κάνθιος.
1015 4309 1046 4357 A.
1056 4295 1192 4376 Eirnssplt
1202 4305 1268 4371 θοῦν,
1287 4297 1293 4382 Ι
1310 4299 1443 4358 daneon·

306 4375 506 4450 συγκεκλῃμένον.
899 4401 943 4448 της
956 4377 985 4436 ain
997 4383 1139 4458 κρατίστου,
1152 4387 1271 4464 στρυφνίς
1284 4381 1315 4455 εί,
1329 4413 1354 4444 κ.
1365 4411 1390 4444 τ.
1402 4391 1424 4444 ί.
