3226 5104
469 259 772 358 arpiniuor
807 292 1026 357 uinxit

177 705 206 759 in
233 705 372 762 retinendo
397 713 542 778 angnnento
575 723 637 762 usos
667 723 734 780 essex

178 786 303 856 tragicos.
325 782 432 841 Similia
442 783 511 842 dixit
522 805 549 862 p.
560 803 624 842 121.
639 785 719 842 Idem

176 862 212 920 ad
232 862 379 941 Sophoclis
397 864 443 938 Aj.
458 866 525 938 308.
541 863 588 922 ubi
609 866 719 922 Brunc-

175 941 237 998 ltius
247 947 340 1010 παίσας
352 947 417 1019 κάρα
430 943 542 1009 ’θοίῡξενε
564 945 641 1000 Libri
653 952 717 1000 neti.

175 1019 261 1088 θιίῦξεν
273 1027 330 1080 sine
344 1026 487 1080 coronide:
509 1027 579 1098 quod
597 1043 651 1080 non
665 1027 716 1080 (ἰα-

174 1121 271 1169 mnem,
286 1105 416 1177 siquidem
429 1105 565 1160 oernsimo
579 1111 619 1160 est
638 1105 717 1162 Scid-

176 1183 717 1258 leriobsemntio‚innorrotionibnsapud

137 1259 139 1272 ’
175 1265 292 1334 tragicos
318 1270 492 1336 angmentum
519 1267 606 1319 omitti
628 1283 715 1338 posse.

172 1342 283 1400 Eodem
299 1339 363 1413 jure
384 1341 475 1400 dicere
498 1341 623 1419 potuisse
647 1342 726 1404 mihi.

141 1485 145 1494 .
172 1420 309 1488 videntur,
333 1422 468 1479 nonnulla
488 1441 548 1479 esse
567 1423 714 1480 verborum

171 1500 272 1568 initura,
288 1500 389 1578 quibus
409 1522 467 1560 non
482 1501 534 1558 nisi
547 1500 577 1558 in
590 1502 713 1579 Delphi-

172 1579 212 1637 cis
226 1581 344 1638 oraculis
358 1581 400 1638 uti
413 1581 518 1639 liceret.
545 1583 579 1638 ln
594 1581 713 1640 nuncio-

171 1679 233 1718 rum
255 1660 460 1719 narrationibus
480 1672 558 1720 tauta
579 1661 713 1738 praeteri·

150 1765 153 1770 ·
172 1752 264 1798 torum
285 1740 367 1818 copia
386 1753 438 1809 est,
459 1754 492 1798 ut
513 1760 597 1799 nemo
621 1740 714 1799 mirari

170 1820 279 1887 debeat,
293 1820 385 1897 potius
407 1820 436 1878 in
455 1820 489 1878 iis
507 1841 592 1897 quam
607 1820 636 1878 in
652 1820 713 1879 aliis

169 1899 297 1958 diverbiis
310 1901 442 1977 pleraque
455 1898 551 1958 omissi
569 1901 713 1978 augmenti

169 1980 298 2057 exempla
311 1979 431 2056 reperiri.
459 1980 546 2037 Haud
559 1999 648 2058 pauca
661 1999 711 2036 eo-

168 2080 240 2126 rum,
256 2078 327 2135 quse
347 2069 549 2137 congesserunt
568 2060 711 2116 Herman-

169 2159 223 2196 nus
236 2150 266 2197 et
275 2137 427 2217 Reisigius,
439 2137 499 2212 ejus
513 2150 580 2196 sunt
592 2137 710 2217 generis,

167 2231 200 2275 ut
222 2219 374 2278 ostendant
394 2239 442 2294 eos
466 2218 528 2297 plus
550 2238 639 2296 aequo
663 2238 710 2276 ex·

166 2299 325 2376 emplorum
348 2318 466 2357 numero
489 2299 616 2376 augendo
640 2318 708 2376 ope-

167 2398 227 2436 ram
248 2379 366 2437 dedisse.
400 2377 550 2456 Euripides
568 2380 628 2437 Alc.
645 2380 709 2436 181.

1 2481 3 2508 ¹
96 2461 123 2524 Ῑι,
164 2463 228 2516 κιίνει
241 2459 266 2516 δὲ
279 2467 464 2534 προσπιτνοῢσα.
479 2467 528 2515 τᾶν
541 2463 567 2516 δε
580 2460 670 2532 δέμνιον
686 2455 692 2538 Ι

164 2540 374 2616 θφθαλμοτέγκτηι
384 2543 463 2596 δεοίετο
472 2543 630 2615 πλημμυρίδι.
646 2541 708 2597 He·

165 2618 230 2676 rael.
255 2638 303 2694 33.
328 2621 408 2676 ίκέται
431 2620 602 2692 καθεζίμεσθα
623 2621 708 2692 βθμιοι

164 2703 230 2756 θεῶν.
265 2701 347 2758 Haec
367 2697 461 2757 attulit
475 2699 657 2757 Hermanuus
677 2720 705 2777 p.

168 2797 233 2837 121.
254 2780 356 2856 Neque
370 2777 481 2852 majoris
493 2777 631 2836 momenti
640 2791 707 2837 sunt

163 2862 281 2932 νικθμενοι
300 2864 419 2936 κίρισσον,
432 2867 544 2916 πλεῖστοι
564 2863 642 2928 θυίνον,
656 2885 705 2916 τα·
741 2919 744 2924 ,

162 2946 207 3010 xci
229 2940 355 3014 πθρευσαν,
379 2946 497 2996 πεσοῦσαι
523 2945 617 3005 κλαῖον,
641 2942 706 3013 κάρα

131 3044 135 3052 ·
162 3015 258 3086 θοῒυξεν,
273 3020 324 3075 ε’πεδ
338 3021 448 3093 δάκρυσα
462 3029 491 3073 et
504 3015 613 3074 similia.
649 3015 705 3075 His

158 3095 373 3174 praetermissis,
388 3115 460 3173 quae
481 3094 569 3173 magis
583 3096 619 3153 sd
639 3115 705 3153 nos-

161 3189 234 3234 tram
248 3195 307 3234 rem
321 3187 396 3242 sunt,
407 3175 436 3233 in
448 3174 500 3232 tria
512 3193 616 3253 genera
625 3194 705 3233 com·

162 3258 246 3315 mode
262 3254 389 3313 distribui
409 3266 538 3332 possunt.
578 3252 704 3312 Primum
726 3273 732 3282 ·

158 3356 250 3415 genus
263 3356 361 3394 eorum
375 3346 425 3402 est,
436 3354 508 3411 quae
521 3347 703 3413 augmentum

160 3417 221 3474 siue
244 3435 338 3474 versus
363 3414 531 3472 detrimento
558 3415 624 3473 addi
650 3415 703 3474 sibi

153 3496 312 3575 patiuntur.
348 3492 516 3569 Cujusmodi
536 3495 610 3575 apud
629 3489 701 3553 Aes*-

159 3578 273 3655 chylum
301 3588 368 3634 sunt
394 3583 505 3652 τροτοῖιτο
530 3577 608 3640 Pers.
632 3575 700 3652 376.

157 3665 284 3714 ’κυκλοῦντο
305 3655 371 3713 ibid.
387 3657 455 3730 458.
470 3656 524 3713 θέτο
545 3657 616 3714 Cho.
633 3657 699 3730 736.

158 3741 228 3804 κᾶνες
243 3737 334 3814 (quod
344 3747 505 3813 corruptum
517 3748 613 3793 censet
623 3735 699 3792 Her·

158 3821 292 3893 mannus)
317 3814 384 3874 ibid.
405 3835 474 3892 930.
496 3815 570 3892 apud
591 3815 701 3892 Sopho·

157 3897 230 3954 clem
253 3905 328 3972 ηοᾶτο
350 3895 422 3954 Oed.
444 3897 479 3952 T.
504 3912 588 3971 1249.
610 3898 699 3971 φορείθ

156 3977 202 4033 El.
219 3990 286 4051 715.
306 3977 381 4054 apud
401 3974 565 4052 Euripidem
586 3981 700 4031 κυκλοῦτο

123 4121 130 4132 ,Ι
156 4057 261 4115 Bacch.
276 4059 360 4131 1064.
393 4055 487 4114 Nimis
504 4053 642 4113 subtiliter
656 4053 699 4110 di-

130 4134 229 4193 ·xisse
248 4135 316 4193 mihi
338 4135 444 4194 videtur
464 4137 646 4193 Hermannus
668 4153 697 4210 p.

160 4233 226 4272 120.
261 4218 410 4274 Praetereo
431 4219 573 4274 tenendum
593 4225 641 4282 est,
656 4217 699 4272 oi-

157 4303 246 4352 tatum
259 4298 343 4352 uideri
355 4299 384 4352 in
395 4299 547 4370 antiquiore
557 4297 698 4370 tragoedia

155 4379 239 4448 etium
252 4394 312 4432 eum
332 4377 360 4432 in
379 4377 469 4450 primo
486 4380 555 4451 pede
575 4394 695 4450 anopoe-

152 4464 233 4524 stum,
258 4457 304 4530 qui
331 4474 363 4511 en
390 4460 528 4528 augmenti
550 4458 698 4516 obtusione

1225 298 1315 378 ,149

291 479 455 581 ’πλευραὶ
473 477 709 578 σπαραγμοῖς.
740 473 847 550 πῖοσα
865 465 898 552 θ’
918 468 1120 585 ᾑματωμένη
1169 499 1276 565 naqa

769 707 915 762 exsisteret.
950 701 1097 762 Pauciores
1110 701 1185 761 enim
1204 701 1233 760 in
1253 704 1311 782 pri·

769 803 817 841 mo
837 783 908 861 pede
928 795 1093 861 anapaestos
1113 783 1218 841 habent
1237 783 1310 842 anti·

768 863 879 938 quiores
893 862 1059 940 tragoediae,
1074 883 1158 940 quam
1172 875 1204 920 ut
1218 862 1251 921 iis
1266 875 1311 922 tu·

768 953 798 1000 to
813 941 962 1016 abjudicari
975 941 1085 1019 possint
1098 942 1209 1008 senarii,
1221 942 1310 1021 qualis

767 1033 810 1080 est
823 1023 906 1100 hujus
916 1022 1026 1080 fabulae
1040 1042 1063 1079 v.
1076 1017 1161 1098 '1294
1175 1028 1307 1097 Ἐμάνηιι,

765 1107 840 1159 πᾶσοί
862 1109 886 1159 τ’
909 1100 1074 1174 ἐξεβακχεύθη
1097 1103 1173 1169 πόλις.
1215 1104 1307 1164 Quem

766 1201 866 1239 sanum
884 1201 945 1240 esse
964 1182 1067 1239 fatetur
1085 1181 1145 1258 ipse
1165 1182 1308 1240 Herman-

765 1281 827 1318 nus.
849 1263 1007 1318 Secundum
1018 1260 1208 1338 exemplorum
1218 1281 1307 1340 genus
1360 1258 1376 1312 ἶ)

764 1359 798 1398 ea
808 1341 1014 1418 complectitur,
1023 1361 1093 1418 quae
1104 1361 1162 1398 non
1172 1360 1307 1419 augmen·

765 1432 825 1478 tum
848 1421 961 1497 quidem
987 1422 1036 1478 sed
1060 1419 1182 1478 elisionis
1208 1433 1306 1479 notam

763 1513 878 1578 propter
895 1501 1009 1580 longam
1023 1500 1147 1560 vocalem
1162 1512 1210 1558 aut
1223 1501 1305 1578 diph-

755 1581 902 1658 thongum
920 1580 950 1637 iu
971 1582 1026 1638 fiue
1046 1578 1193 1658 superioris
1211 1599 1306 1638 versus

762 1659 883 1737 positam
904 1659 1065 1718 admittunt.
1108 1661 1189 1721 Quae
1201 1660 1258 1717 sere
1272 1680 1305 1717 o·

762 1739 841 1798 mnia
850 1741 924 1818 apud
936 1739 1105 1817 Sophoclem
1115 1750 1233 1797 exstant.
1247 1741 1305 1798 Ta·

754 1819 801 1894 lia
814 1832 881 1877 sunt
892 1825 995 1896 ῥίγηοαν
1009 1820 1081 1877 Oed.
1098 1820 1130 1876 C.
1146 1820 1231 1892 1607.
1245 1823 1305 1896 βρυ·

761 1907 826 1970 χᾶτο
839 1901 940 1956 Trach.
953 1899 1021 1975 906.
1036 1903 1144 1976 φροίρουν
1157 1897 1224 1956 ibid.
1234 1915 1304 1974 917.

761 1982 849 2054 φορεῖθ’
870 1978 916 2036 El.
933 1993 1001 2052 715.
1021 1980 1128 2054 φείδοντο
1148 1977 1215 2034 ibid.
1236 1979 1304 2051 716.
1322 2032 1327 2058 Ι

762 2057 973 2116 Semeltantum
982 2056 1130 2134 Euripides
1139 2057 1249 2116 Hecu
1255 2067 1303 2133 5'1.
1317 2068 1333 2091 ²
1397 2083 1404 2100 ·

759 2140 851 2194 πολλαὶ
863 2138 898 2205 δὲ,
912 2139 988 2214 χειρδς
1005 2142 1034 2194 αί
1052 2136 1097 2209 μέν
1116 2134 1145 2203 ἐξ
1164 2143 1302 2214 ἀριστερᾶς,

777 2213 783 2296 Ι
801 2221 861 2274 αἵδ’
875 2216 949 2284 ἔνθεν,
964 2223 994 2282 ὦς
1010 2218 1118 2293 δῆπαρθι
1131 2219 1206 2294 φίλῳ,
1221 2221 1303 2292 Τροίαν

759 2297 825 2372 κθραι
843 2294 848 2377 Ι
865 2301 967 2364 ’θάκουη
982 2295 1082 2368 ἔχουσαι
1102 2299 1187 2371 κερκίδ’
1200 2301 1304 2366 Ἠδιινῆς

758 2377 833 2451 χερός.
875 2379 921 2434 Ita
941 2379 1082 2434 Porsonus
1102 2387 1131 2434 et
1149 2375 1211 2453 ipse
1224 2378 1301 2434 Her·

1325 2339 1461 2410 θείου(
1481 2326 1575 2361 ””””

759 2476 887 2514 mannus.
912 2456 1001 2514 Tertii
1013 2455 1124 2534 generis
1138 2462 1214 2524 sunt,
1230 2477 1302 2534 quae
1361 2493 1366 2508 .

758 2555 849 2613 neque
862 2535 892 2594 in
906 2535 997 2614 primo
1016 2555 1107 2614 neque
1126 2535 1156 2593 in
1177 2538 1301 2595 secundo

756 2615 851 2674 locu'm
865 2619 967 2675 habere
979 2629 1107 2694 possunt.
1134 2615 1300 2690 Cujusmodi

756 2697 809 2754 tria
822 2698 896 2775 apud
909 2696 1086 2773 Aeschylum,
1098 2709 1217 2772 quatuor
1226 2696 1300 2772 apud

756 2777 935 2855 Sophoclem,
956 2786 1064 2853 septem
1089 2775 1163 2850 apud
1186 2775 1298 2851 Euripi-

757 2857 820 2912 dem
835 2867 944 2933 reperta
957 2855 1002 2912 hic
1015 2853 1172 2929 subjiciam.
1203 2856 1227 2912 I.
1242 2856 1298 2913 Ae·

755 2935 866 3012 schylus
889 2936 967 2992 Pers.
992 2951 1060 3008 313.
1088 2941 1228 3009 Φαρνοῦχος,
1251 2937 1301 2992 οίδε

754 3015 808 3080 nait
825 3020 854 3070 b<
871 3021 930 3086 μιᾶς
947 3014 1028 3070 πέσον.
1069 3015 1229 3070 Porsonus:
1251 3018 1300 3072 οἵδε

754 3095 809 3158 ναδς
821 3091 906 3150 ἔπεσον
923 3099 950 3150 ε’κ
969 3099 1038 3167 μιᾶς.
1080 3093 1118 3150 ΙΙ.
1140 3093 1213 3151 ibid.
1228 3109 1299 3170 415.

754 3174 823 3230 αὐτοὶ
836 3177 856 3230 δ
869 3177 912 3250 ὑφ’
925 3179 1005 3230 αὐτῶν
1017 3176 1136 3247 ἐμβολαῖς
1154 3177 1297 3246 ρηαλκοστί·

752 3278 806 3328 μοις
822 3249 827 3334 Ι
844 3257 946 3320 παίοντ’,
974 3249 1069 3329 ἔθραυον
1093 3257 1179 3310 πάντα
1204 3255 1298 3330 κωπήρη

1357 2851 1364 2886 η
1385 2861 1386 2866 ,

753 3333 849 3399 πτίλον.
882 3335 1025 3390 Porsonus
1042 3333 1170 3390 ταισθέντ’
1192 3333 1305 3409 ἔθραυον..
1356 3376 1364 3393 .

752 3413 807 3470 Ill.
829 3412 903 3470 ibid.
918 3414 987 3488 506.
1008 3417 1094 3470 πίττον
1113 3417 1133 3470 δ’
1154 3418 1192 3470 ἐπ’
1212 3415 1305 3488 biiij·
1367 3420 1373 3464 l

752 3504 836 3550 λοισιν.
851 3495 952 3566 εὐτυχὴς
965 3492 992 3549 δέ
1008 3488 1053 3560 ἴοι,
1073 3489 1078 3572 Ι
1095 3491 1163 3559 θστις
1179 3497 1309 3564 τάχιστα,

748 3557 834 3647 Ιπνεῦμ’
847 3570 975 3648 ἀτέρρηξεν
992 3574 1054 3642 βίον.
1088 3570 1208 3627 Porsoni
1224 3591 1307 3632 conr-

745 3651 885 3726 jecturam
896 3651 988 3709 ἔπιτνον
996 3647 1233 3726 imperitissimam
1243 3670 1294 3730 ap·

750 3732 837 3809 pellat
857 3733 1040 3789 Hermannus
1063 3727 1154 3787 Diarii
1178 3721 1294 3792 Classici

750 3814 784 3869 T.
807 3812 892 3870 XIX.
913 3831 941 3888 p.
958 3810 1023 3883 287.
1065 3810 1117 3866 IV.
1139 3809 1294 3887 Sophocles

751 3893 822 3950 Oed.
847 3893 880 3948 C.
904 3891 989 3963 1604.
1011 3891 1062 3946 έτεδ
1083 3890 1108 3948 δὲ
1131 3894 1220 3956 τάντος
1239 3885 1292 3968 εἶχε

749 3975 844 4048 δρῶντος
861 3971 948 4040 ἡδονὴν,
967 3967 973 4049 Ι
990 3975 1045 4028 κούκ
1063 3965 1091 4038 ἦν
1112 3966 1147 4025 ἔτ’
1161 3971 1234 4045 duppin
1253 3977 1304 4027 ni-¹

749 4052 795 4118 δὲν,
806 4049 835 4107 νίν
849 4054 943 4128 ἐφίετο,
958 4046 963 4128 Ι
981 4053 1088 4119 κτιίτησε
1101 4049 1146 4122 μὲν
1159 4055 1217 4116 Ζεὺς
1226 4049 1290 4123 χθθ·

747 4156 800 4197 νιος,
815 4157 839 4189 κ.
849 4155 875 4190 τ.
887 4155 907 4186 ε.
938 4129 1058 4206 Repone
1072 4127 1102 4185 νίν
1115 4131 1222 4207 ἐφίεται.
1253 4130 1289 4186 V.

747 4211 821 4268 lbid.
834 4204 921 4297 ¹⁶²i·
934 4211 1038 4287 φθέγμα
1057 4213 1077 4266 δ’
1097 4206 1210 4285 ἐξαίφνης
1229 4209 1291 4273 τινδς

764 4288 770 4370 Ι
788 4288 874 4356 θοίῦξεν
886 4291 967 4357 asisin,
982 4289 1046 4345 aiore
1061 4292 1155 4353 πάντας
1172 4291 1250 4363 θρθίας
1266 4284 1272 4367 Ι

746 4375 841 4440 στῆσαι
853 4370 923 4448 φθβφ
933 4373 1062 4434 δείσαντας
1071 4365 1184 4444 ἐξαίφνης
1194 4370 1289 4443 τρίχας.

740 4453 889 4538 vPorsonus
911 4449 946 4508 ad
966 4450 1073 4508 Phoen.
1088 4463 1116 4523 5.
1141 4448 1246 4534 φθέγμα
1268 4452 1288 4510 δ’

795 4551 846 4606 Κ3

1342 4183 1389 4268 n
