3194 5102
288 209 310 270 4
700 207 1020 271 PRAEFATIO.

285 375 496 475 gravissimi,
512 375 550 446 in
567 374 697 471 quibus
715 376 838 475 scripti
849 376 943 450 'libri
966 401 1050 450 cum
1073 374 1253 474 impressis
1278 374 1429 449 omnino

286 490 522 572 consentiant.
571 489 703 586 Neque
732 491 898 581 mirabor,
923 492 951 564 si
979 477 1064 587 quis¹
1086 491 1280 565 editionem
1306 517 1427 564 meam

285 601 347 673 vix
363 600 561 698 quidquam
578 627 624 672 ex
647 601 773 674 Italiae
795 602 1022 677 bibliothecis
1048 603 1239 703 profecisse
1255 605 1347 679 lecta
1364 630 1428 677 an-

288 713 472 784 notatione
489 712 743 811 pronunciarit.
1331 771 1333 780 .

335 823 507 897 Codicem
526 824 733 898 Romanum
752 824 790 896 in
807 824 1035 898 annotatione
1061 824 1105 897 ad
1130 822 1300 897 Medeam
1318 825 1425 898 Rom.

273 938 331 1030 ¹C.
349 937 394 1010 ad
410 939 573 1011 Bacchas
589 937 807 1012 Palatinum
824 938 977 1038 appello.
1018 939 1105 1012 Non
1122 965 1212 1042 opus
1229 951 1341 1036 estut
1364 939 1426 1014 hic

286 1060 458 1147 repetam,
475 1076 567 1146 quae
589 1049 634 1121 de
659 1077 702 1123 eo
727 1049 801 1122 dixi
827 1051 863 1123 in
888 1051 1106 1150 praefatione
1132 1051 1176 1124 ad
1203 1051 1372 1126 Medeam
1384 1080 1426 1152 p.

288 1174 324 1254 7.
337 1177 371 1238 8.
408 1163 603 1264 Sperabam
620 1191 666 1237 ex
691 1165 760 1238 hoc
785 1164 908 1237 codice
933 1167 1117 1262 expletum
1137 1164 1181 1236 iri
1198 1167 1366 1263 magnam
1385 1167 1428 1238 il-

287 1279 361 1352 lam
380 1281 556 1367 lacunam,
570 1303 680 1375 quam
701 1288 783 1376 post
799 1276 1025 1350 Baccharum
1044 1304 1077 1349 v.
1094 1289 1200 1350 1328.
1217 1279 1355 1376 primus
1372 1279 1427 1352 in-

179 1396 181 1400 ’
288 1392 421 1466 dicavit
436 1391 670 1491 Tyrwhittus.
722 1389 796 1462 Sed
817 1389 924 1462 simul
949 1416 990 1462 ac
1015 1388 1147 1461 librum
1172 1392 1304 1489 aperui,
1323 1418 1425 1490 spem

289 1530 409 1578 meam
422 1502 657 1576 fundamento
669 1527 786 1576 carere
803 1501 974 1574 intellexi.
1008 1501 1134 1574 Unum
1148 1515 1270 1576 tamen
1282 1530 1424 1578 versum

289 1620 400 1693 habet
411 1617 448 1690 in
463 1617 642 1715 impressis
656 1614 910 1711 omissum,qui
922 1614 960 1686 in
971 1639 1052 1686 mea
1062 1614 1217 1689 editione
1228 1629 1282 1688 est
1293 1622 1426 1690 lssdssi‘.

289 1735 334 1808 In
349 1725 540 1807 collatione
557 1729 718 1804 facienda
743 1741 910 1828 expertus
936 1754 1016 1800 sum
1040 1717 1234 1803 amicitiam
1259 1744 1296 1804 et
1320 1732 1426 1806 indu-

289 1849 412 1924 striam
441 1847 547 1946 plane
573 1835 788 1943 singularem
816 1841 1031 1941 Hieronymi
1053 1844 1202 1933 Amatii‚
1222 1845 1287 1918 viri
1310 1847 1426 1922 docti-

289 1967 382 2056 simi,
399 1965 462 2063 qui
488 1965 582 2037 hanc
605 1957 825 2061 provinciam
848 1959 898 2032 ita
914 1957 1184 2050 administravit,
1201 1973 1241 2032 ut
1257 1962 1366 2035 etiam
1385 1963 1423 2038 in

287 2078 536 2154 minutissimis
552 2077 669 2164 rebus,
685 2073 808 2171 quales
823 2097 857 2144 ν.
874 2098 905 2144 c.
926 2083 1010 2143 sunt
1026 2071 1061 2142 τέ
1078 2096 1143 2168 pro
1158 2103 1205 2160 τε,
1222 2072 1286 2169 οὐχ’
1303 2075 1341 2156 ὥς
1358 2102 1423 2173 pro

288 2193 345 2287 οὔχ
361 2191 410 2277 ὥς,
426 2185 619 2260 ἀεόοάἰοὶε
640 2186 811 2281 scriptura
829 2207 993 2258 securum
1010 2207 1069 2253 me
1085 2181 1219 2254 fecerit.
1261 2183 1422 2258 Alteram

289 2304 396 2400 hujus
412 2303 553 2375 fabulae
576 2299 802 2372 collationem
829 2297 955 2386 habeo,
973 2297 1035 2370 sed
1060 2297 1165 2393 longe
1183 2296 1301 2390 minus
1319 2326 1423 2374 accu-
1514 2303 1518 2314 '

288 2430 403 2491 ratam
420 2415 493 2504 illa,
510 2438 619 2512 quam
644 2411 734 2484 mihi
762 2410 1002 2510 suppeditavit
1018 2411 1195 2500 Amatius,
1212 2412 1269 2484 cui
1293 2413 1422 2512 gratias

289 2517 333 2605 eo
349 2529 495 2610 nomine
512 2525 686 2599 maximas
704 2536 740 2596 ct
756 2523 872 2596 habeo
889 2536 926 2595 et
942 2549 1020 2621 ago.

337 2643 547 2718 Proximum
575 2642 694 2712 locum
723 2650 806 2736 post
834 2637 1033 2710 Palatinum
1063 2636 1202 2710 obtinet
1228 2636 1423 2711 Laurenti.-

233 2808 242 2828 .
287 2787 380 2836 anus
401 2759 458 2832 Cr
475 2757 547 2830 sive
570 2752 830 2827 Laurentianus
856 2751 950 2824 Plut.
966 2749 1134 2823 XXXII.
1152 2767 1185 2822 2.
1203 2752 1422 2844 chartaceus,

294 3007 297 3014 ι
327 2975 445 3032 Ἰιαιιτζ
466 2975 500 3030 Α.
524 2969 668 3044 (XXXII.
684 2968 727 3044 9.)
750 2979 779 3025 et
796 2967 830 3023 F.
880 2967 1049 3033 Bacchabta,
1065 2985 1135 3040 qaue
1156 2971 1302 3042 tragoedio-
1315 2972 1343 3026 ta
1364 2972 1421 3026 eai-

293 3055 422 3127 (XXXI.
438 3055 478 3127 8.)
502 3051 609 3108 nullam
629 3047 774 3125 Euripidis
788 3048 830 3103 fa·
879 3050 933 3103 mio
962 3048 1058 3104 Codice
1091 3049 1247 3104 Florentino
1280 3049 1422 3126 Euripidis

288 3134 384 3192 bulam
405 3133 526 3188 habent:
549 3129 632 3186 Laur.
647 3129 683 3185 B.
702 3125 829 3200 (XXXI.
879 3130 982 3193 Πενθεὺς
995 3129 1157 3194 inscribitur,
1172 3136 1204 3184 ut
1219 3134 1248 3184 in
1262 3132 1353 3186 eodem
1369 3131 1421 3186 Co·

293 3217 354 3286 ro.)
382 3231 439 3270 non
464 3209 518 3268 nisi
543 3207 645 3286 primas
670 3219 778 3282 septem
802 3219 832 3263 et
879 3211 937 3264 dice
959 3206 1100 3284 Euripidis
1121 3210 1272 3283 Hippolyto
1291 3212 1421 3286 praefigi·

288 3295 431 3352 Rhesum:
443 3291 539 3348 Laut.
562 3289 596 3344 E.
623 3287 750 3360 (XXXI.
769 3288 828 3360 15.)
881 3295 926 3344 tur
939 3291 1046 3361 Φαίδρα·
1068 3289 1120 3344 hur
1136 3291 1275 3362 spectabat
1294 3291 1331 3348 Is.
1348 3291 1420 3348 Vos-

289 3393 348 3432 non
376 3371 430 3429 nisi
462 3367 659 3448 Hippolytum,
686 3365 829 3432 Medeam,
880 3365 988 3423 eiusad
1006 3367 1228 3442 Catull.p.aar,
1245 3369 1321 3441 cujus
1341 3372 1421 3454 inda·

288 3450 422 3520 Alcestin,
442 3449 667 3508 Andromachen.
709 3447 762 3503 Sex
781 3464 830 3502 co·
879 3448 1218 3504 rhiuedebeturadirtum
1230 3449 1421 3506 CodicemEu·

289 3533 372 3601 dices,
385 3551 454 3610 qnos
468 3531 552 3588 Laut.
564 3529 597 3584 A.
609 3529 644 3585 B.
656 3528 689 3583 C.
701 3527 739 3582 D.
751 3527 785 3582 E.
797 3526 830 3582 F.
880 3525 976 3605 ripidis
996 3529 1101 3602 aliquot
1120 3529 1275 3585 dramatum
1293 3532 1421 3588 transitura

289 3615 409 3694 appello,
421 3612 472 3671 soli
487 3621 553 3668 sunt
565 3609 594 3665 in
606 3627 639 3666 ea
653 3605 829 3672 bibliotheca,
880 3610 1083 3664 accuratissima
1105 3609 1223 3676 collatio,
1239 3628 1320 3684 quam
1334 3609 1422 3667 Bibli-

288 3696 317 3753 in
331 3695 431 3772 quibus
445 3703 536 3753 exstet
554 3690 611 3748 ulla
623 3685 762 3764 Aeschyli,
774 3686 830 3742 So·
880 3688 974 3743 othcca
989 3690 1103 3762 praebet
1126 3687 1271 3747 Leidcasr's.
1321 3691 1368 3746 Dc
1388 3709 1432 3748 ea·
1546 3758 1550 3766 1

289 3775 398 3852 phoclis
410 3783 459 3830 aut
478 3769 620 3850 Euripidis
633 3766 735 3834 fabula,
748 3783 830 3844 prae·
880 3765 1031 3825 collatione
1050 3786 1125 3827 ame
1145 3768 1291 3827 consultus
1311 3771 1420 3848 Burge-

289 3866 332 3911 ter
346 3872 446 3909 novem
460 3851 522 3906 illas
535 3849 638 3926 passim
653 3845 756 3914 obvias,
771 3844 830 3903 sin·
879 3846 946 3914 sius,
957 3847 1004 3924 qui
1016 3867 1080 3905 eam
1093 3846 1200 3905 Leidae
1213 3847 1362 3928 diligenter
1374 3849 1420 3908 in-

289 3933 419 4012 gulorum
439 3929 544 3988 scilicet
560 3937 706 4004 po'e'tarum
727 3924 831 4004 primas
880 3939 1014 4004 spexerat,
1042 3925 1072 3982 in
1096 3926 1222 4005 margine
1244 3929 1289 3987 ed.
1314 3932 1421 3988 Cante-

288 4025 355 4070 trcs.
380 4011 465 4069 Laut.
480 4007 515 4066 Β.
529 4007 692 4083 plerumque
711 4025 831 4064 consen·
879 4005 1114 4083 rianaescriptam
1124 4025 1184 4064 esse
1194 4008 1346 4085 respondit,
1357 4029 1423 4088 per-

287 4092 324 4152 tit
345 4111 410 4151 cum
430 4087 596 4148 Florentino
609 4085 711 4156 Vossii,
726 4087 761 4144 de
775 4105 831 4162 quo
880 4085 971 4142 tinere
987 4103 1052 4143 vero
1073 4086 1109 4144 ad
1129 4106 1192 4146 eam
1212 4088 1368 4147 fabularum
1383 4097 1422 4148 tr·

288 4174 358 4232 haec
371 4169 441 4230 dixit
454 4164 653 4226 Valckenarius
667 4165 787 4222 Distrib.
802 4185 829 4242 p.
879 4169 962 4232 redte,
978 4184 1062 4241 quam
1075 4165 1105 4223 in
1123 4167 1294 4245 praefatione
1307 4170 1341 4227 ad
1355 4171 1421 4227 Me.

293 4253 340 4310 16.
381 4253 426 4310 Ea
451 4245 592 4326 Euripidis
618 4247 739 4303 Pentheo
762 4261 832 4320 quoe
880 4245 962 4302 deam
988 4264 1017 4323 p.
1044 4246 1071 4303 8.
1105 4245 1281 4317 indicassem,
1316 4249 1421 4327 primas

285 4349 378 4410 pauca
406 4335 534 4398 citantur,
563 4330 689 4402 leguntur
716 4328 745 4380 tn
774 4324 831 4398 dus
880 4335 989 4403 septem
1017 4323 1124 4384 scilicet
1154 4345 1219 4386 cum
1245 4328 1365 4387 Troasin
1392 4342 1422 4388 ct
