3194 5102
446 258 750 327 ΕΥΡΙΠΙΔΟΥ
785 258 1003 328 ΒΑΚΧΑΙ.
1241 263 1292 346 27

264 441 379 546 στὸμοι
396 444 423 520 τ’
441 436 583 548 εὔφημον
600 438 706 525 trac
719 437 918 546 ἕξοσιοῦσθον.
1225 472 1268 535 70

264 561 310 644 rb
328 561 514 669 νομισθίντοι
530 561 600 670 γοὶρ
618 569 670 644 sel
992 575 995 580 ’

266 690 415 771 Διὸννσον
435 688 575 794 ὑμνήσω.

259 810 461 922 ’.Ω-μάκαρ,
480 811 571 897 ’ὅστις
589 807 761 918 tidelm,
1069 839 1160 916 στρ
1173 842 1200 884 (ι
1224 835 1264 902 7³

265 934 406 1020 τελσοῖις
423 932 495 1015 θεοῖν
514 930 617 1024 sisois,
1226 939 1289 1025 73*

196 1183 245 1244 70.
265 1168 354 1227 Aldus
366 1167 434 1234 ὅσος
445 1170 569 1226 θσιοθσθο.
597 1165 626 1225 si
640 1185 701 1229 me-
750 1166 844 1246 piosa
863 1179 1028 1230 correctore.
1058 1165 1212 1228 Eumenius
1229 1167 1294 1228 lita-

154 1261 231 1306 trum
257 1246 466 1325 anapaesticum
497 1258 580 1315 esset,
607 1245 701 1324 potius
751 1267 810 1305 ram
825 1265 1056 1325 supervacaneam
1071 1246 1174 1325 ubique
1184 1247 1294 1309 delevit.

154 1335 203 1394 σᾶς
215 1331 332 1386 θσισθσθον
345 1325 501 1404 scripsisset
520 1333 614 1402 posta.
657 1327 701 1384 0·
792 1329 862 1385 ists.
893 1323 1016 1384 Primam
1040 1325 1178 1404 corripere
1198 1331 1296 1402 θμνῆσο

154 1406 245 1486 ptime
257 1407 318 1465 Pal.
332 1407 399 1472 ἅπας
413 1403 565 1474 ἐξοσιούσθω,
579 1425 636 1483 quo
649 1405 700 1463 ad·
750 1418 869 1465 monent
888 1405 1075 1486 Maagranus,
1094 1408 1238 1465 Porsouus
1259 1407 1296 1466 ad

155 1486 252 1555 misso,
265 1506 360 1545 versus
379 1504 455 1544 nunc
474 1483 562 1544 tribus
582 1483 700 1563 pedibus
749 1486 829 1546 Med.
863 1503 934 1560 441.
975 1487 1159 1546 Hermannus
1201 1487 1295 1548 Elem.

155 1565 260 1625 Ionicis
285 1585 302 1624 a
325 1565 434 1624 minore
459 1576 580 1623 constat.
624 1563 699 1622 sim·
748 1567 849 1626 Docti.
864 1567 951 1626 Matr.
965 1585 995 1644 p.
1003 1582 1054 1643 47.
1064 1565 1177 1644 aliique.
1206 1565 1295 1642 Cujus

154 1646 219 1724 plex
233 1650 342 1704 θσιοθσθε
355 1644 457 1724 legitur
470 1643 543 1702 infra
555 1663 581 1702 ν.
598 1663 664 1720 115.
748 1644 879 1704 licentiae
898 1646 1028 1724 munpla
1047 1646 1108 1704 vide
1126 1646 1163 1704 ad
1183 1647 1295 1725 Sopho·

198 1741 246 1802 71.
266 1725 377 1783 Multae
393 1725 456 1792 edd.
471 1743 504 1782 ex
522 1723 701 1803 Harsagiaua
748 1725 800 1784 clis
813 1727 882 1784 Ant.
897 1743 966 1802 352.
983 1726 1067 1803 adpub
1079 1731 1104 1783 τ·
1116 1729 1219 1802 sopire
1230 1734 1296 1784 τοῦ·

155 1804 519 1879 ωσινινθννκοσθινοιυσθέννα.
540 1805 607 1862 Hoc
620 1809 699 1874 κατὰ,
748 1829 794 1882 ρον.
815 1805 918 1866 Sedde
931 1807 1032 1864 horum
1042 1805 1295 1866 numeroeximen·

154 1885 243 1978 quod·
258 1882 434 1976 cogitatione·
456 1883 643 1976 supplendum
670 1883 699 1942 in
749 1885 818 1988 dum
844 1897 888 1944 est
913 1885 1030 1978 ὑμνήσω..
1064 1886 1159 1976 Vepba
1184 1887 1297 1944 Διόνυσον

154 1963 702 2121 Ὲῖοἷὲἰ.,ῗῗὲἶέ..ἓὲἰιοῖῒῖἓξῖ3ἓ
749 1963 1295 2118 lttzllllllltssllslzlsss:

154 2121 263 2202 accepit
276 2121 476 2200 typographia.
504 2119 626 2178 Brodasi
639 2139 700 2178 ver·
751 2114 1179 2196 1111,Ὠμάνοιρ,θστιςεθθοθμον,
1197 2118 1203 2202 Ι
1220 2133 1294 2182 τελε·

154 2203 192 2260 ba
205 2202 234 2260 in
254 2200 395 2280 impressis
413 2199 455 2257 lta
474 2217 505 2258 se
522 2199 643 2257 habent:
666 2203 701 2258 τὰ
749 2203 938 2270 τὰςθιῦνεῐδοὶς,
957 2196 963 2280 Ι
979 2203 1212 2275 βιοτὰνσίγιστσῦει,
1229 2197 1236 2282 Ι
1252 2204 1297 2260 nal

153 2283 310 2355 νομισθέντα,
331 2284 411 2338 καλὰ·
431 2287 464 2336 ul
479 2281 587 2336 solenne
608 2287 649 2336 est
667 2297 702 2336 ac
750 2283 895 2338 θιασεύεται
909 2284 1004 2352 dumba,
1022 2277 1028 2359 Ι
1046 2287 1071 2338 ἐν
1084 2278 1166 2356 ’ὄρεσσι
1181 2285 1295 2355 βακχεύ·

155 2364 316 2436 legitimum.
343 2359 479 2437 Repone:
495 2363 532 2415 τὰ
544 2358 699 2434 νομισθέντα,
749 2385 788 2427 ον,
806 2355 813 2440 Ι
829 2363 1077 2435 ὅσθοιςκοθσρμοῒσιν,
1090 2358 1227 2437 nisiquod
1235 2359 1295 2439 pri·

153 2443 233 2499 κατὰ.
260 2437 392 2496 Aldinam
407 2437 571 2517 scripturam
585 2455 699 2496 revoca·
749 2457 813 2498 mus
833 2449 863 2497 at
882 2451 998 2515 quartus
1020 2439 1135 2518 longam
1158 2441 1295 2520 syllabam

153 2519 194 2576 vit
207 2529 237 2577 et
249 2517 383 2596 explicuit
400 2517 562 2578 Barncsius.
594 2519 700 2576 Sensus
748 2516 830 2578 initio
843 2518 969 2576 additam
982 2519 1097 2578 habent

154 2611 213 2658 est:
229 2601 269 2656 ast
279 2600 375 2673 ὑμνήσω
386 2599 506 2666 aalma,
519 2605 549 2665 νὀς
561 2602 698 2672 νομίζεται.
790 2614 838 2674 73.
868 2602 1004 2672 sttatpm.
1047 2601 1235 2678 SupesflM,
1264 2598 1295 2659 ni

160 2697 165 2704 ·
196 2680 265 2736 lbid.
285 2679 374 2736 Aldus
387 2679 445 2736 σιέθ.
474 2677 626 2737 suetiam
639 2677 700 2737 Pal.
748 2677 839 2748 fallor,
851 2677 997 2770 epitheton
1006 2679 1191 2754 praecedente
1199 2685 1294 2756 μοίνισν.

154 2769 184 2818 et
203 2759 289 2816 Laur.
303 2759 338 2817 C.
375 2757 434 2816 Hic
454 2769 550 2816 tamen
569 2756 610 2814 ita
630 2756 698 2815 scri·
749 2757 830 2836 Lego
863 2755 949 2836 igitur
978 2760 1093 2831 σιδθμον,
1120 2762 1294 2818 verecundus.

153 2849 234 2916 ptum
248 2837 368 2905 exbibet,
383 2837 509 2897 utfacilc
522 2857 574 2916 pro
586 2840 637 2894 ἀνθ
650 2856 700 2896 ac·
749 2837 964 2896 Musoaavrus.
998 2836 1088 2910 Cuius
1103 2835 1295 2914 conjecturam

153 2917 209 2996 cipi
223 2917 321 2995 possit.
344 2918 431 2975 Unde
441 2921 491 2975 ἀνθ
500 2917 543 2974 vel
553 2923 603 2974 θνα
612 2916 698 2974 Imus.
750 2915 925 2974 aBr'unclsio
943 2915 1093 2973 admissam
1114 2929 1190 2974 recte
1210 2936 1294 2995 rapuq

152 2998 192 3054 D.
207 2998 271 3056 Par.
281 2998 316 3054 Ε.
331 2999 369 3055 G.
400 2999 510 3054 Omnes
530 3008 596 3054 ants
616 2997 700 3054 Mus·
750 2993 837 3052 diavit
854 2993 1003 3053 Matthiae.
1037 2996 1143 3053 Obstat
1163 2995 1241 3053 euim
1264 2997 1294 3058 iu

152 3075 278 3170 gravium
299 3077 355 3134 hoc
367 3079 417 3132 alal
429 3095 495 3134 cum
513 3077 611 3149 θμνῆσο
629 3093 699 3132 con·
750 3073 849 3152 primis
863 3073 1009 3132 Strabonis
1023 3074 1183 3143 auctoritas,
1195 3076 1242 3134 cui
1251 3083 1293 3135 ιθ.

148 3153 277 3230 junxisse
290 3153 426 3213 videntur.
456 3154 544 3212 Aldus
558 3153 599 3210 ita
611 3152 699 3212 inter·
749 3153 852 3228 θσίμῖονοι
882 3154 970 3231 (quod
995 3155 1122 3234 tulgatae
1148 3155 1296 3235 anteponit

303 3229 700 3391 ..ιι
747 3231 1134 3389 ν..
1152 3237 1295 3380 &m

152 3395 189 3452 σθ
202 3394 243 3452 ἀεὶ
255 3393 401 3466 νομισθέντα
419 3391 566 3470 significari
579 3404 699 3452 conten·
748 3391 911 3468 conjectura
933 3398 1075 3469 εὐθονμθνον
1096 3407 1187 3454 metro
1208 3415 1293 3474 repu·

152 3473 204 3533 dit
235 3473 301 3535 Quo
322 3491 407 3531 sensu
427 3471 537 3542 rectius,
557 3469 588 3530 ni
606 3472 698 3541 fallor,
747 3486 826 3553 gnat.
846 3473 969 3534 Minime
979 3493 1044 3534 vero
1059 3493 1295 3552 supervacaneum

153 3553 293 3611 diceretur
304 3557 341 3609 τὰ
357 3555 398 3610 dul
417 3552 567 3626 νομιζόμενα.
598 3553 699 3611 Ambi-
748 3566 793 3612 est
811 3558 937 3629 σθθσθμον,
958 3554 1065 3631 quippe
1084 3553 1162 3630 quod
1182 3558 1296 3632 θεοφιλὴς

153 3631 269 3712 guitatis
279 3631 407 3690 vitandae
420 3651 527 3702 caussa,
540 3645 601 3690 tum
614 3632 699 3694 etiam
749 3632 895 3712 signifieat,
924 3633 967 3690 vel
994 3632 1089 3710 potius
1124 3633 1294 3710 peculiarem

154 3713 219 3790 quia
232 3706 282 3770 alal
294 3711 325 3769 in
338 3713 426 3770 MSS.
442 3714 504 3769 Par.
517 3731 575 3770 non
589 3712 700 3790 legitur,
750 3714 852 3771 habeat
875 3732 999 3780 sensum,
1020 3731 1077 3787 quo
1097 3713 1203 3780 Numa,
1218 3712 1295 3776 vorbi

153 3793 196 3863 ἤθη
214 3792 339 3870 reposuit
358 3791 526 3850 anclrius.
561 3791 701 3850 Matthias
749 3811 856 3860 caussa,
868 3791 898 3849 in
912 3791 1028 3848 deorum
1044 3789 1227 3850 familiaritem
1243 3793 1294 3852 ad·

153 3875 203 3930 atel
216 3871 362 3931 revocavit.
746 3869 862 3939 missus,
876 3873 993 3944 οὖδαίμονν
1006 3872 1064 3947 ἀνὴρ
1077 3873 1119 3928 rori
1132 3876 1168 3928 τὰ
1181 3876 1237 3930 θεῖα
1248 3897 1295 3934 σε·

196 3967 243 4027 7ο.
274 3951 363 4010 Aldru
383 3952 513 4010 Διθνυσσον
531 3971 557 4010 ν.
581 3965 629 4026 72.
651 3950 699 4009 ὃν.
748 3951 861 4024 ποιμένος
873 3949 976 4008 dicitur
995 3969 1012 4008 a
1032 3950 1182 4010 Plutarcho
1201 3973 1230 4030 p.
1244 3955 1295 4016 61.

155 4033 203 4108 85.
221 4045 286 4108 155.
306 4037 437 4089 Διονθσσον
450 4051 476 4088 ν.
490 4045 559 4107 555.
579 4034 701 4090 aalma«
749 4031 784 4088 Α.
806 4030 886 4088 Idem
900 4029 995 4107 paullo
1008 4042 1074 4108 post
1086 4031 1295 4110 Endymionem

153 4131 178 4169 ν.
193 4125 261 4188 551.
284 4113 398 4169 Διθννσσ·
412 4129 437 4170 v.
460 4111 528 4187 558.
563 4111 645 4168 Haec
665 4130 699 4169 o·
749 4109 875 4187 aliosque
893 4108 978 4168 simili
996 4110 1110 4170 fortuna
1128 4131 1195 4169 usos
1213 4117 1295 4171 cisal-

154 4191 319 4250 mnisrsote
332 4191 436 4269 scripta
449 4191 561 4250 exhibet
576 4190 635 4248 Pal.
652 4189 700 4268 qui
748 4212 823 4264 μονοις
841 4192 884 4247 σοι
903 4193 1023 4267 θεοφιλεῖς
1039 4191 1170 4270 appellat.
1204 4195 1294 4253 anat-

153 4281 249 4328 tamen
269 4275 386 4329 θιινθσσο
407 4272 493 4329 habet
514 4289 540 4328 ν.
564 4289 629 4346 119.
650 4268 700 4329 ubi
748 4293 817 4343 μονες
834 4268 920 4348 igitur
939 4274 961 4326 οι
976 4271 1130 4345 μεμνημένοι,
1146 4270 1296 4346 dequibus

151 4343 242 4410 {iltius
255 4355 369 4424 Διονύσῳ.
394 4351 480 4410 laur.
496 4369 700 4428 nonnunquam
749 4348 876 4426 loquitur
897 4361 1001 4418 noster,
1026 4369 1084 4408 non
1112 4349 1203 4407 solum
1230 4349 1296 4426 quia

153 4456 171 4489 σ
184 4429 311 4510 geminat
324 4430 445 4511 aprima
458 4449 553 4500 manu,
565 4429 616 4488 sed
637 4447 699 4490 aoe-
750 4429 846 4489 felicas
860 4441 936 4502 sunt,
950 4428 1098 4488 sedetiam
1113 4427 1178 4512 quia
1190 4427 1296 4504 majore
