<?xml version="1.0" encoding="UTF-8"?>
<!DOCTYPE html PUBLIC "-//W3C//DTD XHTML 1.0 Transitional//EN"
    "http://www.w3.org/TR/xhtml1/DTD/xhtml1-transitional.dtd">
<html xmlns="http://www.w3.org/1999/xhtml" xml:lang="en" lang="en">
 <head>
  <title>
</title>
<meta http-equiv="Content-Type" content="text/html;charset=utf-8" />
  <meta name='ocr-system' content='tesseract 3.04.00' />
  <meta name='ocr-capabilities' content='ocr_page ocr_carea ocr_par ocr_line ocrx_word'/>
</head>
<body>
  <div class='ocr_page' id='page_1' title='image "./euripidisbaccha00eurigoog_0090.png"; bbox 0 0 3220 5102; ppageno 0'>
   <div class='ocr_carea' id='block_1_1' title="bbox 432 196 1003 268">
    <p class='ocr_par' dir='ltr' id='par_1_1' title="bbox 432 196 1003 268">
     <span class='ocr_line' id='line_1_1' title="bbox 432 196 1003 268; baseline 0.011 -8"><span class='ocrx_word' id='word_1_1' title='bbox 432 196 750 264; x_wconf 77' lang='grc' dir='ltr'><strong>-ΕΤΡΙΠΙΛΟΤ</strong></span> <span class='ocrx_word' id='word_1_2' title='bbox 785 201 1003 268; x_wconf 75' lang='grc' dir='ltr'><strong>ΒΑΚΧΑΙ.</strong></span> 
     </span>
    </p>
   </div>
   <div class='ocr_carea' id='block_1_2' title="bbox 244 364 825 479">
    <p class='ocr_par' dir='ltr' id='par_1_2' title="bbox 244 364 825 479">
     <span class='ocr_line' id='line_1_2' title="bbox 244 364 825 479; baseline -0.062 -7"><span class='ocrx_word' id='word_1_3' title='bbox 244 371 317 472; x_wconf 64' lang='lat' dir='ltr'><strong>,til</strong></span> <span class='ocrx_word' id='word_1_4' title='bbox 335 371 410 479; x_wconf 55' lang='grc' dir='ltr'><strong>ἐμὶν</strong></span> <span class='ocrx_word' id='word_1_5' title='bbox 429 367 462 452; x_wconf 73' lang='lat' dir='ltr'><strong>d&#39;</strong></span> <span class='ocrx_word' id='word_1_6' title='bbox 484 374 567 460; x_wconf 70' lang='lat' dir='ltr'><strong>dnae</strong></span> <span class='ocrx_word' id='word_1_7' title='bbox 584 364 652 474; x_wconf 65' lang='grc' dir='ltr'><strong>ἔχει</strong></span> <span class='ocrx_word' id='word_1_8' title='bbox 672 371 735 458; x_wconf 57' lang='lat' dir='ltr'><strong>dci.</strong></span> <span class='ocrx_word' id='word_1_9' title='bbox 824 433 825 436; x_wconf 74' lang='grc'><strong><em>,</em></strong></span> 
     </span>
    </p>
   </div>
   <div class='ocr_carea' id='block_1_3' title="bbox 264 493 643 602">
    <p class='ocr_par' dir='ltr' id='par_1_3' title="bbox 264 493 643 602">
     <span class='ocr_line' id='line_1_3' title="bbox 264 493 643 602; baseline 0 -24"><span class='ocrx_word' id='word_1_10' title='bbox 264 533 375 602; x_wconf 78' lang='grc' dir='ltr'><strong><em>ματος</em></strong></span> <span class='ocrx_word' id='word_1_11' title='bbox 393 493 449 594; x_wconf 66' lang='lat' dir='ltr'><strong>»idn</strong></span> <span class='ocrx_word' id='word_1_12' title='bbox 467 497 643 591; x_wconf 75' lang='grc' dir='ltr'><strong><em>θιασώταν,</em></strong></span> 
     </span>
    </p>
   </div>
   <div class='ocr_carea' id='block_1_4' title="bbox 264 620 798 730">
    <p class='ocr_par' dir='ltr' id='par_1_4' title="bbox 264 620 798 730">
     <span class='ocr_line' id='line_1_4' title="bbox 264 620 798 730; baseline 0.015 -34"><span class='ocrx_word' id='word_1_13' title='bbox 264 621 419 705; x_wconf 75' lang='grc' dir='ltr'><strong><em>σκοτίαις</em></strong></span> <span class='ocrx_word' id='word_1_14' title='bbox 440 620 576 726; x_wconf 70' lang='lat' dir='ltr'><strong>amrin</strong></span> <span class='ocrx_word' id='word_1_15' title='bbox 596 625 625 702; x_wconf 80' lang='grc' dir='ltr'><strong>ἓν</strong></span> <span class='ocrx_word' id='word_1_16' title='bbox 645 630 798 730; x_wconf 75' lang='grc' dir='ltr'><strong><em>εἱρκταῖς.</em></strong></span> 
     </span>
    </p>
   </div>
   <div class='ocr_carea' id='block_1_5' title="bbox 266 738 728 849">
    <p class='ocr_par' dir='ltr' id='par_1_5' title="bbox 266 738 728 849">
     <span class='ocr_line' id='line_1_5' title="bbox 266 738 728 849; baseline 0.011 -29"><span class='ocrx_word' id='word_1_17' title='bbox 266 743 381 849; x_wconf 75' lang='grc' dir='ltr'><strong><em>ἑσσρᾷς</em></strong></span> <span class='ocrx_word' id='word_1_18' title='bbox 398 738 490 831; x_wconf 63' lang='lat' dir='ltr'><strong>aad,</strong></span> <span class='ocrx_word' id='word_1_19' title='bbox 512 741 538 822; x_wconf 79' lang='lat' dir='ltr'><strong>ai</strong></span> <span class='ocrx_word' id='word_1_20' title='bbox 557 743 728 830; x_wconf 69' lang='lat' dir='ltr'><strong>Alienati</strong></span> 
     </span>
    </p>
   </div>
   <div class='ocr_carea' id='block_1_6' title="bbox 268 861 809 971">
    <p class='ocr_par' dir='ltr' id='par_1_6' title="bbox 268 861 809 971">
     <span class='ocr_line' id='line_1_6' title="bbox 268 861 809 971; baseline 0.015 -31"><span class='ocrx_word' id='word_1_21' title='bbox 268 863 412 952; x_wconf 70' lang='lat' dir='ltr'><strong>Aldinae,</strong></span> <span class='ocrx_word' id='word_1_22' title='bbox 433 861 509 948; x_wconf 70' lang='grc' dir='ltr'><strong><em>σοῗντ</em></strong></span> <span class='ocrx_word' id='word_1_23' title='bbox 527 865 702 971; x_wconf 66' lang='grc' dir='ltr'><strong><em>προφήτας</em></strong></span> <span class='ocrx_word' id='word_1_24' title='bbox 806 943 809 948; x_wconf 92' lang='grc'>.</span> 
     </span>
    </p>
   </div>
   <div class='ocr_carea' id='block_1_7' title="bbox 267 985 716 1089">
    <p class='ocr_par' dir='ltr' id='par_1_7' title="bbox 267 985 716 1089">
     <span class='ocr_line' id='line_1_7' title="bbox 267 985 716 1089; baseline 0.009 -25"><span class='ocrx_word' id='word_1_25' title='bbox 267 987 297 1064; x_wconf 78' lang='grc' dir='ltr'><strong>ἓν</strong></span> <span class='ocrx_word' id='word_1_26' title='bbox 314 987 519 1089; x_wconf 72' lang='grc' dir='ltr'><strong>ἁμίλλαισιν</strong></span> <span class='ocrx_word' id='word_1_27' title='bbox 537 985 716 1088; x_wconf 80' lang='grc' dir='ltr'><strong><em>σἰνοίγιιαςς</em></strong></span> 
     </span>
    </p>
   </div>
   <div class='ocr_carea' id='block_1_8' title="bbox 266 1107 786 1218">
    <p class='ocr_par' dir='ltr' id='par_1_8' title="bbox 266 1107 786 1218">
     <span class='ocr_line' id='line_1_8' title="bbox 266 1107 786 1218; baseline 0.006 -33"><span class='ocrx_word' id='word_1_28' title='bbox 266 1109 365 1218; x_wconf 70' lang='grc' dir='ltr'><strong><em>μέλε,</em></strong></span> <span class='ocrx_word' id='word_1_29' title='bbox 385 1107 554 1213; x_wconf 62' lang='lat' dir='ltr'><strong>gasaiwa</strong></span> <span class='ocrx_word' id='word_1_30' title='bbox 571 1107 730 1188; x_wconf 68' lang='grc' dir='ltr'><strong><em>τινάσσων</em></strong></span> <span class='ocrx_word' id='word_1_31' title='bbox 776 1195 786 1217; x_wconf 43' lang='lat'>⁸</span> 
     </span>
    </p>
   </div>
   <div class='ocr_carea' id='block_1_9' title="bbox 267 1228 761 1337">
    <p class='ocr_par' dir='ltr' id='par_1_9' title="bbox 267 1228 761 1337">
     <span class='ocr_line' id='line_1_9' title="bbox 267 1228 761 1337; baseline 0 -26"><span class='ocrx_word' id='word_1_32' title='bbox 267 1229 333 1312; x_wconf 74' lang='lat' dir='ltr'><strong>tivit</strong></span> <span class='ocrx_word' id='word_1_33' title='bbox 351 1228 455 1336; x_wconf 71' lang='grc' dir='ltr'><strong><em>θύρσον</em></strong></span> <span class='ocrx_word' id='word_1_34' title='bbox 476 1237 550 1310; x_wconf 88' lang='grc' dir='ltr'><strong><em>κατ’</em></strong></span> <span class='ocrx_word' id='word_1_35' title='bbox 563 1231 761 1337; x_wconf 82' lang='grc' dir='ltr'><strong><em>Ὄλυμπον,</em></strong></span> 
     </span>
    </p>
   </div>
   <div class='ocr_carea' id='block_1_10' title="bbox 95 1471 732 4406">
    <p class='ocr_par' dir='ltr' id='par_1_10' title="bbox 156 1471 709 3211">
     <span class='ocr_line' id='line_1_10' title="bbox 158 1471 700 1548; baseline -0.004 -18"><span class='ocrx_word' id='word_1_36' title='bbox 158 1473 244 1532; x_wconf 84' lang='lat' dir='ltr'><strong>daeus</strong></span> <span class='ocrx_word' id='word_1_37' title='bbox 255 1482 303 1530; x_wconf 86' lang='lat' dir='ltr'><strong>aut</strong></span> <span class='ocrx_word' id='word_1_38' title='bbox 312 1471 499 1548; x_wconf 88' lang='lat' dir='ltr'><strong>supplendum</strong></span> <span class='ocrx_word' id='word_1_39' title='bbox 510 1474 563 1537; x_wconf 75' lang='lat' dir='ltr'><strong>civ,</strong></span> <span class='ocrx_word' id='word_1_40' title='bbox 575 1483 624 1528; x_wconf 86' lang='lat' dir='ltr'><strong>aut</strong></span> <span class='ocrx_word' id='word_1_41' title='bbox 633 1471 700 1530; x_wconf 85' lang='lat' dir='ltr'><strong>scri·</strong></span> 
     </span>
     <span class='ocr_line' id='line_1_11' title="bbox 156 1550 702 1622; baseline -0.002 -12"><span class='ocrx_word' id='word_1_42' title='bbox 156 1550 282 1610; x_wconf 85' lang='lat' dir='ltr'>bendum</span> <span class='ocrx_word' id='word_1_43' title='bbox 307 1555 376 1622; x_wconf 77' lang='grc' dir='ltr'><strong><em>ταχὺ</em></strong></span> <span class='ocrx_word' id='word_1_44' title='bbox 403 1563 510 1608; x_wconf 89' lang='lat' dir='ltr'><strong>monet.</strong></span> <span class='ocrx_word' id='word_1_45' title='bbox 550 1550 702 1609; x_wconf 86' lang='lat' dir='ltr'><strong>Barnesius</strong></span> 
     </span>
     <span class='ocr_line' id='line_1_12' title="bbox 157 1632 701 1706; baseline -0.006 -16"><span class='ocrx_word' id='word_1_46' title='bbox 157 1641 207 1690; x_wconf 72' lang='lat' dir='ltr'><strong>eut</strong></span> <span class='ocrx_word' id='word_1_47' title='bbox 219 1636 240 1687; x_wconf 88' lang='grc' dir='ltr'><strong><em>ἰ</em></strong></span> <span class='ocrx_word' id='word_1_48' title='bbox 252 1633 326 1701; x_wconf 78' lang='grc' dir='ltr'><strong><em>τάχει</em></strong></span> <span class='ocrx_word' id='word_1_49' title='bbox 349 1632 415 1706; x_wconf 89' lang='lat' dir='ltr'><strong>(pro</strong></span> <span class='ocrx_word' id='word_1_50' title='bbox 434 1635 461 1686; x_wconf 70' lang='grc' dir='ltr'><strong>ἐν</strong></span> <span class='ocrx_word' id='word_1_51' title='bbox 479 1633 565 1704; x_wconf 78' lang='grc' dir='ltr'><strong><em>τάχει)</em></strong></span> <span class='ocrx_word' id='word_1_52' title='bbox 587 1635 701 1700; x_wconf 72' lang='grc' dir='ltr'><strong><em>συνάψει,</em></strong></span> 
     </span>
     <span class='ocr_line' id='line_1_13' title="bbox 157 1707 702 1780; baseline -0.006 -12"><span class='ocrx_word' id='word_1_53' title='bbox 157 1721 207 1768; x_wconf 82' lang='lat' dir='ltr'><strong>eut</strong></span> <span class='ocrx_word' id='word_1_54' title='bbox 216 1714 283 1780; x_wconf 82' lang='grc' dir='ltr'><strong><em>ταχὺ</em></strong></span> <span class='ocrx_word' id='word_1_55' title='bbox 296 1707 406 1777; x_wconf 71' lang='grc' dir='ltr'><strong>ξυνάψει,</strong></span> <span class='ocrx_word' id='word_1_56' title='bbox 418 1719 466 1766; x_wconf 86' lang='lat' dir='ltr'><strong>aut</strong></span> <span class='ocrx_word' id='word_1_57' title='bbox 479 1708 702 1767; x_wconf 87' lang='lat' dir='ltr'><strong>subaudiendum</strong></span> 
     </span>
     <span class='ocr_line' id='line_1_14' title="bbox 158 1787 702 1866; baseline 0 -20"><span class='ocrx_word' id='word_1_58' title='bbox 158 1796 192 1846; x_wconf 80' lang='grc' dir='ltr'><strong>ἐν.</strong></span> <span class='ocrx_word' id='word_1_59' title='bbox 227 1788 308 1845; x_wconf 87' lang='lat' dir='ltr'><strong>Haec</strong></span> <span class='ocrx_word' id='word_1_60' title='bbox 328 1787 399 1846; x_wconf 86' lang='lat' dir='ltr'><strong>ratio</strong></span> <span class='ocrx_word' id='word_1_61' title='bbox 413 1787 518 1865; x_wconf 77' lang='lat' dir='ltr'><strong>placuit</strong></span> <span class='ocrx_word' id='word_1_62' title='bbox 530 1788 702 1866; x_wconf 86' lang='lat' dir='ltr'><strong>Musgravio,</strong></span> 
     </span>
     <span class='ocr_line' id='line_1_15' title="bbox 159 1865 702 1946; baseline -0.004 -19"><span class='ocrx_word' id='word_1_63' title='bbox 159 1867 207 1946; x_wconf 88' lang='lat' dir='ltr'><strong>qui</strong></span> <span class='ocrx_word' id='word_1_64' title='bbox 227 1865 346 1926; x_wconf 86' lang='lat' dir='ltr'><strong>contulit</strong></span> <span class='ocrx_word' id='word_1_65' title='bbox 361 1867 531 1946; x_wconf 80' lang='lat' dir='ltr'>Aeschylum</span> <span class='ocrx_word' id='word_1_66' title='bbox 545 1869 598 1945; x_wconf 79' lang='lat' dir='ltr'><strong>Ag.</strong></span> <span class='ocrx_word' id='word_1_67' title='bbox 616 1886 702 1943; x_wconf 84' lang='lat'><em>1249.</em></span> 
     </span>
     <span class='ocr_line' id='line_1_16' title="bbox 158 1945 702 2021; baseline -0.004 -15"><span class='ocrx_word' id='word_1_68' title='bbox 158 1951 188 2006; x_wconf 73' lang='lat' dir='ltr'><strong>*tl</strong></span> <span class='ocrx_word' id='word_1_69' title='bbox 200 1947 289 2021; x_wconf 79' lang='grc' dir='ltr'><strong><em>με’λλον</em></strong></span> <span class='ocrx_word' id='word_1_70' title='bbox 302 1945 362 2016; x_wconf 73' lang='grc' dir='ltr'><strong><em>ἥξει.</em></strong></span> <span class='ocrx_word' id='word_1_71' title='bbox 376 1949 419 2004; x_wconf 73' lang='grc' dir='ltr'><strong>καὶ</strong></span> <span class='ocrx_word' id='word_1_72' title='bbox 438 1952 470 2004; x_wconf 79' lang='grc' dir='ltr'><strong>σὺ</strong></span> <span class='ocrx_word' id='word_1_73' title='bbox 490 1948 537 2020; x_wconf 78' lang='grc' dir='ltr'><strong>μὴν</strong></span> <span class='ocrx_word' id='word_1_74' title='bbox 557 1951 631 2018; x_wconf 77' lang='grc' dir='ltr'><strong><em>τάχει</em></strong></span> <span class='ocrx_word' id='word_1_75' title='bbox 651 1973 702 2004; x_wconf 79' lang='grc' dir='ltr'><strong><em>τοι·</em></strong></span> 
     </span>
     <span class='ocr_line' id='line_1_17' title="bbox 158 2023 702 2106; baseline -0.004 -22"><span class='ocrx_word' id='word_1_76' title='bbox 158 2027 211 2103; x_wconf 75' lang='lat' dir='ltr'><strong>pair,</strong></span> <span class='ocrx_word' id='word_1_77' title='bbox 230 2023 320 2106; x_wconf 67' lang='grc' dir='ltr'><strong><em>Ιὸιγαν</em></strong></span> <span class='ocrx_word' id='word_1_78' title='bbox 338 2031 363 2099; x_wconf 66' lang='lat'><strong>7²</strong></span> <span class='ocrx_word' id='word_1_79' title='bbox 382 2026 557 2100; x_wconf 68' lang='grc' dir='ltr'><strong><em>ἀληθόμαντιν,</em></strong></span> <span class='ocrx_word' id='word_1_80' title='bbox 578 2031 702 2102; x_wconf 60' lang='lat' dir='ltr'><strong>insanae,</strong></span> 
     </span>
     <span class='ocr_line' id='line_1_18' title="bbox 159 2105 704 2184; baseline -0.004 -20"><span class='ocrx_word' id='word_1_81' title='bbox 159 2113 226 2183; x_wconf 68' lang='grc' dir='ltr'><strong><em>ἐρεῖς.</em></strong></span> <span class='ocrx_word' id='word_1_82' title='bbox 256 2105 314 2162; x_wconf 85' lang='lat' dir='ltr'><strong>Ubi</strong></span> <span class='ocrx_word' id='word_1_83' title='bbox 329 2124 404 2163; x_wconf 87' lang='lat' dir='ltr'><strong>nunc</strong></span> <span class='ocrx_word' id='word_1_84' title='bbox 417 2105 519 2184; x_wconf 87' lang='lat' dir='ltr'><strong>legitur</strong></span> <span class='ocrx_word' id='word_1_85' title='bbox 532 2107 575 2162; x_wconf 79' lang='grc' dir='ltr'><strong>καὶ</strong></span> <span class='ocrx_word' id='word_1_86' title='bbox 588 2109 622 2162; x_wconf 74' lang='grc' dir='ltr'><strong><em>τό</em></strong></span> <span class='ocrx_word' id='word_1_87' title='bbox 636 2111 664 2178; x_wconf 81' lang='grc' dir='ltr'><strong>μ’</strong></span> <span class='ocrx_word' id='word_1_88' title='bbox 679 2112 704 2162; x_wconf 76' lang='grc' dir='ltr'><strong>ἐν</strong></span> 
     </span>
     <span class='ocr_line' id='line_1_19' title="bbox 158 2182 703 2258; baseline 0 -16"><span class='ocrx_word' id='word_1_89' title='bbox 158 2189 242 2258; x_wconf 79' lang='grc' dir='ltr'><strong><em>τάχει.</em></strong></span> <span class='ocrx_word' id='word_1_90' title='bbox 276 2184 368 2242; x_wconf 76' lang='lat' dir='ltr'><strong>ntiae</strong></span> <span class='ocrx_word' id='word_1_91' title='bbox 389 2196 456 2242; x_wconf 87' lang='lat' dir='ltr'><strong>sunt</strong></span> <span class='ocrx_word' id='word_1_92' title='bbox 477 2183 586 2242; x_wconf 88' lang='lat' dir='ltr'><strong>Reiskii</strong></span> <span class='ocrx_word' id='word_1_93' title='bbox 607 2182 703 2257; x_wconf 88' lang='lat' dir='ltr'><strong>conje-</strong></span> 
     </span>
     <span class='ocr_line' id='line_1_20' title="bbox 160 2263 704 2340; baseline -0.006 -17"><span class='ocrx_word' id='word_1_94' title='bbox 160 2275 265 2332; x_wconf 84' lang='lat' dir='ltr'><strong>cturae,</strong></span> <span class='ocrx_word' id='word_1_95' title='bbox 290 2269 376 2340; x_wconf 82' lang='grc' dir='ltr'><strong><em>λοίτριι</em></strong></span> <span class='ocrx_word' id='word_1_96' title='bbox 399 2269 514 2334; x_wconf 73' lang='grc' dir='ltr'><strong><em>συνόψει,</em></strong></span> <span class='ocrx_word' id='word_1_97' title='bbox 536 2275 586 2321; x_wconf 83' lang='lat' dir='ltr'><strong>aut</strong></span> <span class='ocrx_word' id='word_1_98' title='bbox 610 2263 704 2335; x_wconf 70' lang='grc' dir='ltr'><strong><em>ταχέσι</em></strong></span> 
     </span>
     <span class='ocr_line' id='line_1_21' title="bbox 161 2343 706 2419; baseline -0.006 -17"><span class='ocrx_word' id='word_1_99' title='bbox 161 2349 275 2413; x_wconf 70' lang='grc' dir='ltr'><strong><em>συνάψει,</em></strong></span> <span class='ocrx_word' id='word_1_100' title='bbox 297 2355 345 2401; x_wconf 83' lang='lat' dir='ltr'><strong>aut</strong></span> <span class='ocrx_word' id='word_1_101' title='bbox 364 2343 388 2409; x_wconf 72' lang='grc' dir='ltr'><strong><em>ὅς</em></strong></span> <span class='ocrx_word' id='word_1_102' title='bbox 410 2368 450 2417; x_wconf 90' lang='grc' dir='ltr'><strong><em>μοι</em></strong></span> <span class='ocrx_word' id='word_1_103' title='bbox 474 2344 583 2419; x_wconf 70' lang='grc' dir='ltr'><strong><em>βρόχοισι</em></strong></span> <span class='ocrx_word' id='word_1_104' title='bbox 606 2354 644 2415; x_wconf 67' lang='grc' dir='ltr'><strong><em>τᾷ</em></strong></span> <span class='ocrx_word' id='word_1_105' title='bbox 664 2349 706 2400; x_wconf 72' lang='grc' dir='ltr'><strong>τοῦ</strong></span> 
     </span>
     <span class='ocr_line' id='line_1_22' title="bbox 161 2423 705 2500; baseline -0.007 -18"><span class='ocrx_word' id='word_1_106' title='bbox 161 2427 261 2500; x_wconf 73' lang='grc' dir='ltr'><strong><em>Βρομίου</em></strong></span> <span class='ocrx_word' id='word_1_107' title='bbox 274 2426 362 2493; x_wconf 65' lang='lat' dir='ltr'><strong>unixae</strong></span> <span class='ocrx_word' id='word_1_108' title='bbox 378 2423 444 2494; x_wconf 88' lang='lat' dir='ltr'><strong>(hoc</strong></span> <span class='ocrx_word' id='word_1_109' title='bbox 457 2436 500 2480; x_wconf 80' lang='lat' dir='ltr'><strong>est</strong></span> <span class='ocrx_word' id='word_1_110' title='bbox 512 2424 610 2495; x_wconf 70' lang='grc' dir='ltr'><strong><em>πήχεις)</em></strong></span> <span class='ocrx_word' id='word_1_111' title='bbox 628 2425 705 2479; x_wconf 72' lang='lat' dir='ltr'><strong>cuad-</strong></span> 
     </span>
     <span class='ocr_line' id='line_1_23' title="bbox 161 2500 705 2578; baseline -0.002 -19"><span class='ocrx_word' id='word_1_112' title='bbox 161 2508 214 2572; x_wconf 64' lang='grc' dir='ltr'><strong>ψει.</strong></span> <span class='ocrx_word' id='word_1_113' title='bbox 245 2501 373 2559; x_wconf 80' lang='lat' dir='ltr'>Tandem</span> <span class='ocrx_word' id='word_1_114' title='bbox 387 2505 459 2578; x_wconf 75' lang='grc' dir='ltr'><strong><em>τοίχου</em></strong></span> <span class='ocrx_word' id='word_1_115' title='bbox 472 2500 574 2570; x_wconf 68' lang='grc' dir='ltr'><strong><em>ξυνάψει</em></strong></span> <span class='ocrx_word' id='word_1_116' title='bbox 594 2503 705 2560; x_wconf 80' lang='lat' dir='ltr'><strong>Brunc-</strong></span> 
     </span>
     <span class='ocr_line' id='line_1_24' title="bbox 161 2582 706 2659; baseline -0.004 -20"><span class='ocrx_word' id='word_1_117' title='bbox 161 2582 233 2649; x_wconf 81' lang='lat' dir='ltr'><strong>ltius,</strong></span> <span class='ocrx_word' id='word_1_118' title='bbox 248 2587 326 2659; x_wconf 88' lang='lat' dir='ltr'><strong>cujus</strong></span> <span class='ocrx_word' id='word_1_119' title='bbox 346 2582 430 2640; x_wconf 80' lang='lat' dir='ltr'><strong>verba</strong></span> <span class='ocrx_word' id='word_1_120' title='bbox 446 2593 528 2638; x_wconf 85' lang='lat' dir='ltr'><strong>sunt:</strong></span> <span class='ocrx_word' id='word_1_121' title='bbox 553 2583 588 2638; x_wconf 86' lang='grc' dir='ltr'><strong>Ιιν</strong></span> <span class='ocrx_word' id='word_1_122' title='bbox 608 2583 706 2638; x_wconf 85' lang='lat' dir='ltr'><strong>codici·</strong></span> 
     </span>
     <span class='ocr_line' id='line_1_25' title="bbox 164 2663 707 2734; baseline -0.007 -14"><span class='ocrx_word' id='word_1_123' title='bbox 164 2663 212 2720; x_wconf 74' lang='lat' dir='ltr'><strong>bnt</strong></span> <span class='ocrx_word' id='word_1_124' title='bbox 231 2664 301 2718; x_wconf 79' lang='lat' dir='ltr'><strong>enim</strong></span> <span class='ocrx_word' id='word_1_125' title='bbox 320 2680 374 2718; x_wconf 80' lang='lat' dir='ltr'><strong>nott</strong></span> <span class='ocrx_word' id='word_1_126' title='bbox 387 2665 470 2733; x_wconf 82' lang='grc' dir='ltr'><strong><em>τοίχει,</em></strong></span> <span class='ocrx_word' id='word_1_127' title='bbox 485 2664 531 2718; x_wconf 75' lang='lat' dir='ltr'><strong>sed</strong></span> <span class='ocrx_word' id='word_1_128' title='bbox 550 2665 623 2732; x_wconf 71' lang='grc' dir='ltr'><strong><em>τοῖχοι</em></strong></span> <span class='ocrx_word' id='word_1_129' title='bbox 640 2679 707 2734; x_wconf 83' lang='lat' dir='ltr'><strong>per·</strong></span> 
     </span>
     <span class='ocr_line' id='line_1_26' title="bbox 161 2743 708 2816; baseline -0.004 -18"><span class='ocrx_word' id='word_1_130' title='bbox 161 2743 252 2816; x_wconf 77' lang='lat' dir='ltr'><strong>spicue</strong></span> <span class='ocrx_word' id='word_1_131' title='bbox 270 2745 409 2816; x_wconf 81' lang='lat' dir='ltr'><strong>scriptum,</strong></span> <span class='ocrx_word' id='word_1_132' title='bbox 431 2745 502 2814; x_wconf 84' lang='lat' dir='ltr'><strong>quod</strong></span> <span class='ocrx_word' id='word_1_133' title='bbox 523 2743 656 2800; x_wconf 84' lang='lat' dir='ltr'><strong>sincerum</strong></span> <span class='ocrx_word' id='word_1_134' title='bbox 680 2747 708 2797; x_wconf 86' lang='lat' dir='ltr'><strong>et</strong></span> 
     </span>
     <span class='ocr_line' id='line_1_27' title="bbox 163 2818 708 2895; baseline -0.002 -19"><span class='ocrx_word' id='word_1_135' title='bbox 163 2824 308 2895; x_wconf 86' lang='lat' dir='ltr'><strong>genuinam</strong></span> <span class='ocrx_word' id='word_1_136' title='bbox 321 2829 370 2878; x_wconf 84' lang='lat' dir='ltr'><strong>est.</strong></span> <span class='ocrx_word' id='word_1_137' title='bbox 415 2822 534 2877; x_wconf 89' lang='lat' dir='ltr'><strong>Tantum</strong></span> <span class='ocrx_word' id='word_1_138' title='bbox 553 2818 655 2890; x_wconf 70' lang='grc' dir='ltr'><strong><em>ξυνάψει</em></strong></span> <span class='ocrx_word' id='word_1_139' title='bbox 675 2821 708 2876; x_wconf 85' lang='lat' dir='ltr'><strong>ob</strong></span> 
     </span>
     <span class='ocr_line' id='line_1_28' title="bbox 163 2899 709 2972; baseline -0.007 -14"><span class='ocrx_word' id='word_1_140' title='bbox 163 2909 277 2972; x_wconf 64' lang='lat' dir='ltr'><strong>nietaunt</strong></span> <span class='ocrx_word' id='word_1_141' title='bbox 289 2902 466 2958; x_wconf 82' lang='lat' dir='ltr'><strong>scribendum.</strong></span> <span class='ocrx_word' id='word_1_142' title='bbox 496 2899 590 2956; x_wconf 87' lang='lat' dir='ltr'><strong>Etiam</strong></span> <span class='ocrx_word' id='word_1_143' title='bbox 606 2899 663 2956; x_wconf 91' lang='lat' dir='ltr'><strong>Pal.</strong></span> <span class='ocrx_word' id='word_1_144' title='bbox 679 2911 709 2954; x_wconf 90' lang='lat' dir='ltr'><strong>et</strong></span> 
     </span>
     <span class='ocr_line' id='line_1_29' title="bbox 163 2976 708 3051; baseline -0.007 -13"><span class='ocrx_word' id='word_1_145' title='bbox 163 2979 249 3038; x_wconf 76' lang='lat' dir='ltr'><strong>Laut.</strong></span> <span class='ocrx_word' id='word_1_146' title='bbox 268 2983 342 3051; x_wconf 77' lang='grc' dir='ltr'><strong><em>τάχα</em></strong></span> <span class='ocrx_word' id='word_1_147' title='bbox 361 2983 475 3048; x_wconf 79' lang='grc' dir='ltr'><strong><em>συνάψει.</em></strong></span> <span class='ocrx_word' id='word_1_148' title='bbox 508 2978 586 3036; x_wconf 75' lang='lat' dir='ltr'><strong>Talis</strong></span> <span class='ocrx_word' id='word_1_149' title='bbox 603 2976 708 3036; x_wconf 83' lang='lat' dir='ltr'><strong>librarii</strong></span> 
     </span>
     <span class='ocr_line' id='line_1_30' title="bbox 164 3056 708 3134; baseline -0.009 -16"><span class='ocrx_word' id='word_1_150' title='bbox 164 3077 241 3118; x_wconf 84' lang='lat' dir='ltr'><strong>error</strong></span> <span class='ocrx_word' id='word_1_151' title='bbox 267 3069 311 3114; x_wconf 90' lang='lat' dir='ltr'><strong>est</strong></span> <span class='ocrx_word' id='word_1_152' title='bbox 336 3061 421 3129; x_wconf 75' lang='grc' dir='ltr'><strong><em>τάχει,</em></strong></span> <span class='ocrx_word' id='word_1_153' title='bbox 446 3056 536 3133; x_wconf 89' lang='lat' dir='ltr'><strong>qualis</strong></span> <span class='ocrx_word' id='word_1_154' title='bbox 563 3069 607 3116; x_wconf 84' lang='lat' dir='ltr'><strong>est</strong></span> <span class='ocrx_word' id='word_1_155' title='bbox 636 3057 708 3134; x_wconf 73' lang='grc' dir='ltr'><strong><em>εἴργει</em></strong></span> 
     </span>
     <span class='ocr_line' id='line_1_31' title="bbox 165 3134 618 3211; baseline -0.009 -15"><span class='ocrx_word' id='word_1_156' title='bbox 165 3135 280 3196; x_wconf 87' lang='lat' dir='ltr'><strong>Heracl.</strong></span> <span class='ocrx_word' id='word_1_157' title='bbox 296 3154 365 3209; x_wconf 86' lang='lat'><strong>340.</strong></span> <span class='ocrx_word' id='word_1_158' title='bbox 379 3134 426 3200; x_wconf 85' lang='lat' dir='ltr'><strong>ubi</strong></span> <span class='ocrx_word' id='word_1_159' title='bbox 440 3137 526 3192; x_wconf 87' lang='lat' dir='ltr'><strong>MSS.</strong></span> <span class='ocrx_word' id='word_1_160' title='bbox 540 3135 618 3211; x_wconf 79' lang='grc' dir='ltr'><strong><em>ἄρρεν.</em></strong></span> 
     </span>
    </p>

    <p class='ocr_par' dir='ltr' id='par_1_11' title="bbox 95 3213 732 3769">
     <span class='ocr_line' id='line_1_32' title="bbox 208 3213 709 3290; baseline -0.004 -16"><span class='ocrx_word' id='word_1_161' title='bbox 208 3229 277 3290; x_wconf 80' lang='grc'><strong>547.</strong></span> <span class='ocrx_word' id='word_1_162' title='bbox 305 3215 394 3274; x_wconf 76' lang='lat' dir='ltr'><strong>Aldus</strong></span> <span class='ocrx_word' id='word_1_163' title='bbox 416 3216 457 3271; x_wconf 75' lang='lat' dir='ltr'><strong>‘tiu</strong></span> <span class='ocrx_word' id='word_1_164' title='bbox 483 3217 539 3287; x_wconf 76' lang='grc' dir='ltr'><strong><em>ἐμὸν</em></strong></span> <span class='ocrx_word' id='word_1_165' title='bbox 559 3217 623 3281; x_wconf 70' lang='grc' dir='ltr'><strong><em>ὄντος</em></strong></span> <span class='ocrx_word' id='word_1_166' title='bbox 648 3213 709 3288; x_wconf 72' lang='grc' dir='ltr'><strong><em>ἔχει.</em></strong></span> 
     </span>
     <span class='ocr_line' id='line_1_33' title="bbox 165 3292 710 3354; baseline -0.007 0"><span class='ocrx_word' id='word_1_167' title='bbox 165 3292 338 3354; x_wconf 84' lang='lat' dir='ltr'><strong>Particulam</strong></span> <span class='ocrx_word' id='word_1_168' title='bbox 354 3292 509 3352; x_wconf 88' lang='lat' dir='ltr'><strong>sententiae</strong></span> <span class='ocrx_word' id='word_1_169' title='bbox 527 3293 710 3352; x_wconf 82' lang='lat' dir='ltr'><strong>necessariam</strong></span> 
     </span>
     <span class='ocr_line' id='line_1_34' title="bbox 166 3371 732 3446; baseline -0.005 -13"><span class='ocrx_word' id='word_1_170' title='bbox 166 3372 279 3434; x_wconf 82' lang='lat' dir='ltr'><strong>addidit</strong></span> <span class='ocrx_word' id='word_1_171' title='bbox 299 3373 491 3440; x_wconf 86' lang='lat' dir='ltr'><strong>Hermannus,</strong></span> <span class='ocrx_word' id='word_1_172' title='bbox 513 3372 592 3446; x_wconf 90' lang='lat' dir='ltr'><strong>cujus</strong></span> <span class='ocrx_word' id='word_1_173' title='bbox 615 3371 732 3446; x_wconf 88' lang='lat' dir='ltr'><strong>conje··</strong></span> 
     </span>
     <span class='ocr_line' id='line_1_35' title="bbox 95 3452 711 3524; baseline -0.003 -10"><span class='ocrx_word' id='word_1_174' title='bbox 95 3477 101 3493; x_wconf 86' lang='lat'><strong>·</strong></span> <span class='ocrx_word' id='word_1_175' title='bbox 166 3466 274 3514; x_wconf 84' lang='lat' dir='ltr'><strong>otutam</strong></span> <span class='ocrx_word' id='word_1_176' title='bbox 298 3453 447 3510; x_wconf 87' lang='lat' dir='ltr'><strong>confirmat</strong></span> <span class='ocrx_word' id='word_1_177' title='bbox 467 3453 525 3511; x_wconf 86' lang='lat' dir='ltr'><strong>Pal.</strong></span> <span class='ocrx_word' id='word_1_178' title='bbox 573 3452 629 3514; x_wconf 88' lang='lat' dir='ltr'><strong>Qui</strong></span> <span class='ocrx_word' id='word_1_179' title='bbox 649 3471 711 3524; x_wconf 89' lang='lat' dir='ltr'><strong>eam</strong></span> 
     </span>
     <span class='ocr_line' id='line_1_36' title="bbox 167 3532 710 3608; baseline -0.007 -16"><span class='ocrx_word' id='word_1_180' title='bbox 167 3532 272 3599; x_wconf 88' lang='lat' dir='ltr'><strong>omisit,</strong></span> <span class='ocrx_word' id='word_1_181' title='bbox 284 3533 360 3589; x_wconf 86' lang='lat' dir='ltr'><strong>hunc</strong></span> <span class='ocrx_word' id='word_1_182' title='bbox 370 3551 479 3604; x_wconf 87' lang='lat' dir='ltr'><strong>versum</strong></span> <span class='ocrx_word' id='word_1_183' title='bbox 490 3533 631 3608; x_wconf 87' lang='lat' dir='ltr'><strong>strophico</strong></span> <span class='ocrx_word' id='word_1_184' title='bbox 643 3534 710 3608; x_wconf 85' lang='lat'><strong>528.</strong></span> 
     </span>
     <span class='ocr_line' id='line_1_37' title="bbox 167 3611 712 3690; baseline -0.006 -19"><span class='ocrx_word' id='word_1_185' title='bbox 167 3611 288 3672; x_wconf 82' lang='lat' dir='ltr'><strong>similem</strong></span> <span class='ocrx_word' id='word_1_186' title='bbox 302 3611 417 3669; x_wconf 86' lang='lat' dir='ltr'><strong>reddere</strong></span> <span class='ocrx_word' id='word_1_187' title='bbox 430 3611 525 3670; x_wconf 88' lang='lat' dir='ltr'><strong>voluit.</strong></span> <span class='ocrx_word' id='word_1_188' title='bbox 547 3613 602 3670; x_wconf 90' lang='lat' dir='ltr'><strong>Sed</strong></span> <span class='ocrx_word' id='word_1_189' title='bbox 616 3613 712 3690; x_wconf 85' lang='lat' dir='ltr'><strong>vulga-</strong></span> 
     </span>
     <span class='ocr_line' id='line_1_38' title="bbox 167 3690 704 3769; baseline -0.004 -19"><span class='ocrx_word' id='word_1_190' title='bbox 167 3703 198 3750; x_wconf 86' lang='lat' dir='ltr'><strong>ta</strong></span> <span class='ocrx_word' id='word_1_191' title='bbox 211 3690 345 3768; x_wconf 84' lang='lat' dir='ltr'><strong>strophici</strong></span> <span class='ocrx_word' id='word_1_192' title='bbox 359 3690 496 3768; x_wconf 87' lang='lat' dir='ltr'><strong>scriptura</strong></span> <span class='ocrx_word' id='word_1_193' title='bbox 508 3703 640 3769; x_wconf 85' lang='lat' dir='ltr'><strong>corrupta</strong></span> <span class='ocrx_word' id='word_1_194' title='bbox 653 3702 704 3748; x_wconf 88' lang='lat' dir='ltr'><strong>est.</strong></span> 
     </span>
    </p>

    <p class='ocr_par' dir='ltr' id='par_1_12' title="bbox 169 3771 714 3925">
     <span class='ocr_line' id='line_1_39' title="bbox 209 3771 714 3847; baseline -0.004 -19"><span class='ocrx_word' id='word_1_195' title='bbox 209 3772 278 3847; x_wconf 82' lang='grc'><strong>548.</strong></span> <span class='ocrx_word' id='word_1_196' title='bbox 306 3773 352 3828; x_wconf 70' lang='lat' dir='ltr'><strong>Tau</strong></span> <span class='ocrx_word' id='word_1_197' title='bbox 379 3773 435 3843; x_wconf 75' lang='grc' dir='ltr'><strong>ε’μόι</strong></span> <span class='ocrx_word' id='word_1_198' title='bbox 459 3775 592 3837; x_wconf 62' lang='lat' dir='ltr'><strong>asceam,</strong></span> <span class='ocrx_word' id='word_1_199' title='bbox 616 3783 649 3828; x_wconf 88' lang='lat' dir='ltr'><strong>ut</strong></span> <span class='ocrx_word' id='word_1_200' title='bbox 672 3771 714 3826; x_wconf 77' lang='lat' dir='ltr'><strong>‘tir</strong></span> 
     </span>
     <span class='ocr_line' id='line_1_40' title="bbox 169 3851 553 3925; baseline -0.005 -17"><span class='ocrx_word' id='word_1_201' title='bbox 169 3851 226 3925; x_wconf 70' lang='lat' dir='ltr'><strong>luia</strong></span> <span class='ocrx_word' id='word_1_202' title='bbox 239 3852 345 3918; x_wconf 72' lang='grc' dir='ltr'><strong><em>πολίτην,</em></strong></span> <span class='ocrx_word' id='word_1_203' title='bbox 360 3870 448 3908; x_wconf 82' lang='lat' dir='ltr'><strong>meum</strong></span> <span class='ocrx_word' id='word_1_204' title='bbox 462 3853 553 3908; x_wconf 79' lang='lat' dir='ltr'><strong>civem.</strong></span> 
     </span>
    </p>

    <p class='ocr_par' dir='ltr' id='par_1_13' title="bbox 169 3929 717 4406">
     <span class='ocr_line' id='line_1_41' title="bbox 210 3929 714 4006; baseline -0.012 -17"><span class='ocrx_word' id='word_1_205' title='bbox 210 3943 279 4005; x_wconf 79' lang='lat'><strong>549.</strong></span> <span class='ocrx_word' id='word_1_206' title='bbox 299 3929 387 3988; x_wconf 78' lang='lat' dir='ltr'><strong>Aldus</strong></span> <span class='ocrx_word' id='word_1_207' title='bbox 398 3933 508 3996; x_wconf 77' lang='grc' dir='ltr'><strong><em>σκοτίαις</em></strong></span> <span class='ocrx_word' id='word_1_208' title='bbox 519 3930 620 4006; x_wconf 73' lang='lat' dir='ltr'><strong>aportuit</strong></span> <span class='ocrx_word' id='word_1_209' title='bbox 629 3935 653 3984; x_wconf 79' lang='grc' dir='ltr'><strong>ἐν</strong></span> <span class='ocrx_word' id='word_1_210' title='bbox 667 3935 714 4004; x_wconf 79' lang='lat' dir='ltr'><strong>elp-</strong></span> 
     </span>
     <span class='ocr_line' id='line_1_42' title="bbox 169 4009 716 4084; baseline -0.005 -16"><span class='ocrx_word' id='word_1_211' title='bbox 169 4018 250 4076; x_wconf 77' lang='grc' dir='ltr'><strong><em>κταῖς.</em></strong></span> <span class='ocrx_word' id='word_1_212' title='bbox 276 4009 428 4068; x_wconf 87' lang='lat' dir='ltr'><strong>Barnesius</strong></span> <span class='ocrx_word' id='word_1_213' title='bbox 441 4009 543 4068; x_wconf 83' lang='lat' dir='ltr'><strong>diserte</strong></span> <span class='ocrx_word' id='word_1_214' title='bbox 555 4014 668 4084; x_wconf 68' lang='grc' dir='ltr'><strong><em>εἱρκταῖς,</em></strong></span> <span class='ocrx_word' id='word_1_215' title='bbox 684 4019 716 4067; x_wconf 89' lang='lat' dir='ltr'><strong>ut</strong></span> 
     </span>
     <span class='ocr_line' id='line_1_43' title="bbox 170 4087 715 4166; baseline 0.002 -21"><span class='ocrx_word' id='word_1_216' title='bbox 170 4087 231 4166; x_wconf 86' lang='lat' dir='ltr'><strong>ipse</strong></span> <span class='ocrx_word' id='word_1_217' title='bbox 241 4088 329 4146; x_wconf 88' lang='lat' dir='ltr'><strong>Aldus</strong></span> <span class='ocrx_word' id='word_1_218' title='bbox 342 4108 367 4146; x_wconf 89' lang='grc' dir='ltr'><strong>ν.</strong></span> <span class='ocrx_word' id='word_1_219' title='bbox 378 4104 446 4165; x_wconf 86' lang='lat'><strong>497.</strong></span> <span class='ocrx_word' id='word_1_220' title='bbox 469 4089 516 4147; x_wconf 89' lang='lat' dir='ltr'><strong>Sic</strong></span> <span class='ocrx_word' id='word_1_221' title='bbox 528 4088 614 4150; x_wconf 84' lang='lat' dir='ltr'><strong>etiam</strong></span> <span class='ocrx_word' id='word_1_222' title='bbox 629 4088 715 4146; x_wconf 83' lang='lat' dir='ltr'><strong>Laut.</strong></span> 
     </span>
     <span class='ocr_line' id='line_1_44' title="bbox 170 4167 716 4244; baseline 0 -18"><span class='ocrx_word' id='word_1_223' title='bbox 170 4167 330 4226; x_wconf 83' lang='lat' dir='ltr'><strong>Hermanni</strong></span> <span class='ocrx_word' id='word_1_224' title='bbox 344 4167 512 4242; x_wconf 69' lang='lat' dir='ltr'><strong>conjectura,</strong></span> <span class='ocrx_word' id='word_1_225' title='bbox 525 4173 649 4226; x_wconf 75' lang='grc' dir='ltr'><strong><em>σκοτίαισι</em></strong></span> <span class='ocrx_word' id='word_1_226' title='bbox 661 4193 716 4244; x_wconf 90' lang='grc' dir='ltr'><strong><em>ιιρυ·</em></strong></span> 
     </span>
     <span class='ocr_line' id='line_1_45' title="bbox 170 4246 716 4326; baseline -0.004 -20"><span class='ocrx_word' id='word_1_227' title='bbox 170 4249 230 4306; x_wconf 69' lang='grc' dir='ltr'><strong>που</strong></span> <span class='ocrx_word' id='word_1_228' title='bbox 244 4254 359 4324; x_wconf 74' lang='grc' dir='ltr'><strong><em>εἱρκταῖς,</em></strong></span> <span class='ocrx_word' id='word_1_229' title='bbox 374 4248 484 4311; x_wconf 84' lang='lat' dir='ltr'><strong>admitti</strong></span> <span class='ocrx_word' id='word_1_230' title='bbox 497 4260 603 4326; x_wconf 77' lang='lat' dir='ltr'><strong>posset,</strong></span> <span class='ocrx_word' id='word_1_231' title='bbox 617 4246 642 4305; x_wconf 86' lang='lat' dir='ltr'><strong>si</strong></span> <span class='ocrx_word' id='word_1_232' title='bbox 655 4266 716 4305; x_wconf 84' lang='lat' dir='ltr'><strong>cer·</strong></span> 
     </span>
     <span class='ocr_line' id='line_1_46' title="bbox 171 4327 717 4406; baseline -0.005 -20"><span class='ocrx_word' id='word_1_233' title='bbox 171 4339 232 4386; x_wconf 90' lang='lat' dir='ltr'><strong>tum</strong></span> <span class='ocrx_word' id='word_1_234' title='bbox 251 4339 326 4386; x_wconf 75' lang='lat' dir='ltr'><strong>essen</strong></span> <span class='ocrx_word' id='word_1_235' title='bbox 345 4327 518 4406; x_wconf 81' lang='lat' dir='ltr'><strong>strophicutn</strong></span> <span class='ocrx_word' id='word_1_236' title='bbox 534 4343 602 4402; x_wconf 82' lang='lat'><strong>530.</strong></span> <span class='ocrx_word' id='word_1_237' title='bbox 617 4345 717 4384; x_wconf 83' lang='lat' dir='ltr'><strong>sanum</strong></span> 
     </span>
    </p>
   </div>
   <div class='ocr_carea' id='block_1_11' title="bbox 750 1471 1329 4325">
    <p class='ocr_par' dir='ltr' id='par_1_14' title="bbox 750 1471 1297 1708">
     <span class='ocr_line' id='line_1_47' title="bbox 750 1471 1296 1552; baseline 0.007 -22"><span class='ocrx_word' id='word_1_238' title='bbox 750 1489 820 1530; x_wconf 84' lang='lat' dir='ltr'><strong>esse.</strong></span> <span class='ocrx_word' id='word_1_239' title='bbox 853 1472 936 1532; x_wconf 90' lang='lat' dir='ltr'><strong>Quod</strong></span> <span class='ocrx_word' id='word_1_240' title='bbox 954 1471 977 1529; x_wconf 88' lang='lat' dir='ltr'><strong>si</strong></span> <span class='ocrx_word' id='word_1_241' title='bbox 992 1471 1030 1530; x_wconf 92' lang='lat' dir='ltr'><strong>ibi</strong></span> <span class='ocrx_word' id='word_1_242' title='bbox 1045 1473 1194 1552; x_wconf 89' lang='lat' dir='ltr'><strong>legendum</strong></span> <span class='ocrx_word' id='word_1_243' title='bbox 1208 1479 1296 1534; x_wconf 78' lang='grc' dir='ltr'><strong><em>τὸτνια</em></strong></span> 
     </span>
     <span class='ocr_line' id='line_1_48' title="bbox 751 1550 1297 1628; baseline 0.018 -20"><span class='ocrx_word' id='word_1_244' title='bbox 751 1570 802 1628; x_wconf 87' lang='lat' dir='ltr'><strong>pro</strong></span> <span class='ocrx_word' id='word_1_245' title='bbox 825 1555 946 1627; x_wconf 75' lang='grc' dir='ltr'><strong><em>μάκαιρα,</em></strong></span> <span class='ocrx_word' id='word_1_246' title='bbox 972 1550 1017 1610; x_wconf 83' lang='lat' dir='ltr'><strong>hic</strong></span> <span class='ocrx_word' id='word_1_247' title='bbox 1043 1554 1120 1612; x_wconf 90' lang='lat' dir='ltr'><strong>nulla</strong></span> <span class='ocrx_word' id='word_1_248' title='bbox 1140 1553 1297 1618; x_wconf 74' lang='lat' dir='ltr'><strong>mutatione</strong></span> 
     </span>
     <span class='ocr_line' id='line_1_49' title="bbox 752 1641 888 1708; baseline 0.007 -21"><span class='ocrx_word' id='word_1_249' title='bbox 752 1650 822 1708; x_wconf 90' lang='lat' dir='ltr'><strong>opus</strong></span> <span class='ocrx_word' id='word_1_250' title='bbox 836 1641 888 1688; x_wconf 90' lang='lat' dir='ltr'><strong>est.</strong></span> 
     </span>
    </p>

    <p class='ocr_par' dir='ltr' id='par_1_15' title="bbox 793 1709 1296 1790">
     <span class='ocr_line' id='line_1_50' title="bbox 793 1709 1296 1790; baseline 0.012 -24"><span class='ocrx_word' id='word_1_251' title='bbox 793 1724 862 1785; x_wconf 80' lang='lat'>551.</span> <span class='ocrx_word' id='word_1_252' title='bbox 882 1709 972 1768; x_wconf 81' lang='lat' dir='ltr'><strong>Aldus</strong></span> <span class='ocrx_word' id='word_1_253' title='bbox 986 1713 1180 1790; x_wconf 66' lang='grc' dir='ltr'><strong><em>σὰςτροφιῆτας.</em></strong></span> <span class='ocrx_word' id='word_1_254' title='bbox 1205 1715 1296 1772; x_wconf 72' lang='lat' dir='ltr'><strong>Recte</strong></span> 
     </span>
    </p>

    <p class='ocr_par' dir='ltr' id='par_1_16' title="bbox 752 1790 1329 3928">
     <span class='ocr_line' id='line_1_51' title="bbox 752 1790 1295 1865; baseline 0.007 -19"><span class='ocrx_word' id='word_1_255' title='bbox 752 1790 838 1852; x_wconf 77' lang='lat' dir='ltr'><strong>Laut.</strong></span> <span class='ocrx_word' id='word_1_256' title='bbox 853 1794 916 1856; x_wconf 75' lang='grc' dir='ltr'><strong><em>τοὺς,</em></strong></span> <span class='ocrx_word' id='word_1_257' title='bbox 932 1791 1007 1865; x_wconf 93' lang='lat' dir='ltr'><strong>quod</strong></span> <span class='ocrx_word' id='word_1_258' title='bbox 1027 1809 1043 1847; x_wconf 88' lang='lat' dir='ltr'><strong>e</strong></span> <span class='ocrx_word' id='word_1_259' title='bbox 1062 1793 1149 1850; x_wconf 87' lang='lat' dir='ltr'><strong>MSS.</strong></span> <span class='ocrx_word' id='word_1_260' title='bbox 1167 1795 1227 1850; x_wconf 84' lang='lat' dir='ltr'><strong>Par.</strong></span> <span class='ocrx_word' id='word_1_261' title='bbox 1244 1794 1295 1850; x_wconf 91' lang='lat' dir='ltr'><strong>ad·</strong></span> 
     </span>
     <span class='ocr_line' id='line_1_52' title="bbox 753 1867 1294 1942; baseline 0.007 -18"><span class='ocrx_word' id='word_1_262' title='bbox 753 1867 830 1925; x_wconf 87' lang='lat' dir='ltr'><strong>misit</strong></span> <span class='ocrx_word' id='word_1_263' title='bbox 842 1868 1011 1936; x_wconf 77' lang='lat' dir='ltr'><strong>Bruncltius,</strong></span> <span class='ocrx_word' id='word_1_264' title='bbox 1025 1871 1104 1942; x_wconf 88' lang='lat' dir='ltr'><strong>cujus</strong></span> <span class='ocrx_word' id='word_1_265' title='bbox 1118 1872 1201 1928; x_wconf 87' lang='lat' dir='ltr'><strong>verba</strong></span> <span class='ocrx_word' id='word_1_266' title='bbox 1214 1884 1294 1928; x_wconf 84' lang='lat' dir='ltr'><strong>sunt:</strong></span> 
     </span>
     <span class='ocr_line' id='line_1_53' title="bbox 754 1949 1296 2024; baseline 0.007 -20"><span class='ocrx_word' id='word_1_267' title='bbox 754 1949 818 2004; x_wconf 93' lang='lat' dir='ltr'><strong>Non</strong></span> <span class='ocrx_word' id='word_1_268' title='bbox 836 1950 869 2005; x_wconf 87' lang='lat' dir='ltr'><strong>de</strong></span> <span class='ocrx_word' id='word_1_269' title='bbox 889 1965 917 2003; x_wconf 81' lang='lat' dir='ltr'><strong>se</strong></span> <span class='ocrx_word' id='word_1_270' title='bbox 934 1949 998 2020; x_wconf 82' lang='lat' dir='ltr'><strong>ipsis</strong></span> <span class='ocrx_word' id='word_1_271' title='bbox 1017 1950 1163 2021; x_wconf 83' lang='lat' dir='ltr'><strong>loquuntur</strong></span> <span class='ocrx_word' id='word_1_272' title='bbox 1178 1951 1296 2024; x_wconf 68' lang='lat' dir='ltr'><strong>Maena7</strong></span> 
     </span>
     <span class='ocr_line' id='line_1_54' title="bbox 753 2028 1299 2102; baseline 0.007 -20"><span class='ocrx_word' id='word_1_273' title='bbox 753 2029 806 2092; x_wconf 82' lang='lat' dir='ltr'><strong>des,</strong></span> <span class='ocrx_word' id='word_1_274' title='bbox 819 2029 912 2082; x_wconf 78' lang='lat' dir='ltr'><strong>cedde</strong></span> <span class='ocrx_word' id='word_1_275' title='bbox 925 2028 1070 2100; x_wconf 81' lang='lat' dir='ltr'><strong>Orgioruna</strong></span> <span class='ocrx_word' id='word_1_276' title='bbox 1080 2031 1209 2094; x_wconf 74' lang='lat' dir='ltr'><strong>antistite,</strong></span> <span class='ocrx_word' id='word_1_277' title='bbox 1221 2047 1299 2102; x_wconf 83' lang='lat' dir='ltr'><strong>quem</strong></span> 
     </span>
     <span class='ocr_line' id='line_1_55' title="bbox 754 2107 1299 2182; baseline 0.006 -19"><span class='ocrx_word' id='word_1_278' title='bbox 754 2107 893 2163; x_wconf 81' lang='lat' dir='ltr'><strong>Bacchum</strong></span> <span class='ocrx_word' id='word_1_279' title='bbox 907 2124 961 2162; x_wconf 81' lang='lat' dir='ltr'><strong>esse</strong></span> <span class='ocrx_word' id='word_1_280' title='bbox 980 2107 1154 2179; x_wconf 79' lang='lat' dir='ltr'><strong>ignorabant,</strong></span> <span class='ocrx_word' id='word_1_281' title='bbox 1170 2127 1299 2182; x_wconf 78' lang='lat' dir='ltr'><strong>quemque</strong></span> 
     </span>
     <span class='ocr_line' id='line_1_56' title="bbox 754 2184 1300 2262; baseline 0.004 -18"><span class='ocrx_word' id='word_1_282' title='bbox 754 2186 858 2244; x_wconf 86' lang='lat' dir='ltr'><strong>Bacclti</strong></span> <span class='ocrx_word' id='word_1_283' title='bbox 868 2185 1044 2262; x_wconf 83' lang='lat' dir='ltr'><strong>prophetam,</strong></span> <span class='ocrx_word' id='word_1_284' title='bbox 1053 2184 1243 2262; x_wconf 85' lang='lat' dir='ltr'><strong>interpretem,</strong></span> <span class='ocrx_word' id='word_1_285' title='bbox 1253 2206 1300 2247; x_wconf 78' lang='lat' dir='ltr'><strong>seu</strong></span> 
     </span>
     <span class='ocr_line' id='line_1_57' title="bbox 754 2261 1301 2343; baseline 0.004 -21"><span class='ocrx_word' id='word_1_286' title='bbox 754 2264 925 2322; x_wconf 84' lang='lat' dir='ltr'><strong>sacerdotem</strong></span> <span class='ocrx_word' id='word_1_287' title='bbox 940 2267 1089 2322; x_wconf 87' lang='lat' dir='ltr'><strong>nominant.</strong></span> <span class='ocrx_word' id='word_1_288' title='bbox 1116 2264 1248 2343; x_wconf 73' lang='grc' dir='ltr'><strong><em>Ἔριφοτις</em></strong></span> <span class='ocrx_word' id='word_1_289' title='bbox 1260 2261 1301 2324; x_wconf 83' lang='lat' dir='ltr'><strong>&#39;est</strong></span> 
     </span>
     <span class='ocr_line' id='line_1_58' title="bbox 754 2346 1329 2420; baseline 0.007 -20"><span class='ocrx_word' id='word_1_290' title='bbox 754 2348 783 2401; x_wconf 84' lang='lat' dir='ltr'><strong>in</strong></span> <span class='ocrx_word' id='word_1_291' title='bbox 793 2346 900 2418; x_wconf 82' lang='lat' dir='ltr'><strong>plurali</strong></span> <span class='ocrx_word' id='word_1_292' title='bbox 912 2363 1024 2400; x_wconf 86' lang='lat' dir='ltr'><strong>numero</strong></span> <span class='ocrx_word' id='word_1_293' title='bbox 1037 2363 1090 2420; x_wconf 84' lang='lat' dir='ltr'><strong>pro</strong></span> <span class='ocrx_word' id='word_1_294' title='bbox 1103 2347 1238 2420; x_wconf 83' lang='lat' dir='ltr'><strong>singulari</strong></span> <span class='ocrx_word' id='word_1_295' title='bbox 1248 2366 1300 2420; x_wconf 86' lang='lat' dir='ltr'><strong>po·</strong></span> <span class='ocrx_word' id='word_1_296' title='bbox 1324 2396 1329 2404; x_wconf 94' lang='lat'>.</span> 
     </span>
     <span class='ocr_line' id='line_1_59' title="bbox 754 2425 1299 2500; baseline 0.002 -19"><span class='ocrx_word' id='word_1_297' title='bbox 754 2427 815 2489; x_wconf 80' lang='lat' dir='ltr'><strong>sito,</strong></span> <span class='ocrx_word' id='word_1_298' title='bbox 828 2425 900 2498; x_wconf 86' lang='lat' dir='ltr'><strong>quocl</strong></span> <span class='ocrx_word' id='word_1_299' title='bbox 913 2427 1052 2496; x_wconf 82' lang='lat' dir='ltr'><strong>utriusque</strong></span> <span class='ocrx_word' id='word_1_300' title='bbox 1067 2426 1177 2498; x_wconf 87' lang='lat' dir='ltr'><strong>linguae</strong></span> <span class='ocrx_word' id='word_1_301' title='bbox 1186 2429 1299 2500; x_wconf 84' lang='lat' dir='ltr'><strong>scripto-</strong></span> 
     </span>
     <span class='ocr_line' id='line_1_60' title="bbox 756 2502 1302 2577; baseline 0.004 -17"><span class='ocrx_word' id='word_1_302' title='bbox 756 2505 830 2560; x_wconf 81' lang='lat' dir='ltr'><strong>ribus</strong></span> <span class='ocrx_word' id='word_1_303' title='bbox 851 2505 918 2562; x_wconf 89' lang='lat' dir='ltr'><strong>adeo</strong></span> <span class='ocrx_word' id='word_1_304' title='bbox 935 2502 1081 2577; x_wconf 85' lang='lat' dir='ltr'><strong>familiare</strong></span> <span class='ocrx_word' id='word_1_305' title='bbox 1102 2513 1150 2570; x_wconf 84' lang='lat' dir='ltr'><strong>est,</strong></span> <span class='ocrx_word' id='word_1_306' title='bbox 1172 2508 1302 2562; x_wconf 88' lang='lat' dir='ltr'><strong>utnulla</strong></span> 
     </span>
     <span class='ocr_line' id='line_1_61' title="bbox 756 2583 1301 2663; baseline 0.004 -23"><span class='ocrx_word' id='word_1_307' title='bbox 756 2603 811 2640; x_wconf 88' lang='lat' dir='ltr'><strong>non</strong></span> <span class='ocrx_word' id='word_1_308' title='bbox 823 2585 929 2657; x_wconf 88' lang='lat' dir='ltr'><strong>pagina</strong></span> <span class='ocrx_word' id='word_1_309' title='bbox 943 2585 1064 2656; x_wconf 80' lang='lat' dir='ltr'><strong>exempla</strong></span> <span class='ocrx_word' id='word_1_310' title='bbox 1078 2585 1184 2663; x_wconf 71' lang='lat' dir='ltr'><strong>offerat.</strong></span> <span class='ocrx_word' id='word_1_311' title='bbox 1216 2583 1301 2642; x_wconf 84' lang='lat' dir='ltr'><strong>Simi-</strong></span> 
     </span>
     <span class='ocr_line' id='line_1_62' title="bbox 756 2661 1300 2730; baseline 0.004 -10"><span class='ocrx_word' id='word_1_312' title='bbox 756 2662 795 2720; x_wconf 87' lang='lat' dir='ltr'><strong>lia</strong></span> <span class='ocrx_word' id='word_1_313' title='bbox 810 2673 958 2719; x_wconf 81' lang='lat' dir='ltr'><strong>monuerat</strong></span> <span class='ocrx_word' id='word_1_314' title='bbox 977 2661 1117 2730; x_wconf 83' lang='lat' dir='ltr'><strong>Reisldus,</strong></span> <span class='ocrx_word' id='word_1_315' title='bbox 1133 2663 1187 2720; x_wconf 88' lang='lat' dir='ltr'><strong>hoc</strong></span> <span class='ocrx_word' id='word_1_316' title='bbox 1206 2663 1300 2730; x_wconf 84' lang='lat' dir='ltr'><strong>etiam,</strong></span> 
     </span>
     <span class='ocr_line' id='line_1_63' title="bbox 758 2740 1303 2809; baseline -0.002 -10"><span class='ocrx_word' id='word_1_317' title='bbox 758 2742 782 2800; x_wconf 90' lang='lat' dir='ltr'><strong>si</strong></span> <span class='ocrx_word' id='word_1_318' title='bbox 796 2742 831 2799; x_wconf 90' lang='lat' dir='ltr'><strong>de</strong></span> <span class='ocrx_word' id='word_1_319' title='bbox 843 2741 910 2798; x_wconf 87' lang='lat' dir='ltr'><strong>solis</strong></span> <span class='ocrx_word' id='word_1_320' title='bbox 921 2740 1034 2798; x_wconf 89' lang='lat' dir='ltr'><strong>feminis</strong></span> <span class='ocrx_word' id='word_1_321' title='bbox 1049 2760 1142 2799; x_wconf 88' lang='lat' dir='ltr'><strong>sermo</strong></span> <span class='ocrx_word' id='word_1_322' title='bbox 1155 2755 1239 2808; x_wconf 90' lang='lat' dir='ltr'><strong>esset,</strong></span> <span class='ocrx_word' id='word_1_323' title='bbox 1254 2746 1303 2809; x_wconf 79' lang='grc' dir='ltr'><strong><em>τὰς</em></strong></span> 
     </span>
     <span class='ocr_line' id='line_1_64' title="bbox 756 2818 1120 2898; baseline -0.005 -20"><span class='ocrx_word' id='word_1_324' title='bbox 756 2823 904 2898; x_wconf 73' lang='grc' dir='ltr'><strong><em>προφήτιδας</em></strong></span> <span class='ocrx_word' id='word_1_325' title='bbox 916 2818 970 2877; x_wconf 88' lang='lat' dir='ltr'><strong>dici</strong></span> <span class='ocrx_word' id='word_1_326' title='bbox 984 2819 1120 2878; x_wconf 82' lang='lat' dir='ltr'><strong>debuisse.</strong></span> 
     </span>
     <span class='ocr_line' id='line_1_65' title="bbox 765 2899 1301 2974; baseline 0 -18"><span class='ocrx_word' id='word_1_327' title='bbox 765 2911 767 2916; x_wconf 84' lang='lat'>&#39;</span> <span class='ocrx_word' id='word_1_328' title='bbox 799 2916 814 2974; x_wconf 83' lang='lat'>5</span> <span class='ocrx_word' id='word_1_329' title='bbox 819 2914 866 2974; x_wconf 82' lang='lat'><strong>53.</strong></span> <span class='ocrx_word' id='word_1_330' title='bbox 887 2899 970 2974; x_wconf 91' lang='lat' dir='ltr'><strong>Apud</strong></span> <span class='ocrx_word' id='word_1_331' title='bbox 990 2899 1159 2974; x_wconf 88' lang='lat' dir='ltr'><strong>Sophoclem</strong></span> <span class='ocrx_word' id='word_1_332' title='bbox 1179 2899 1251 2957; x_wconf 87' lang='lat' dir='ltr'><strong>Oed.</strong></span> <span class='ocrx_word' id='word_1_333' title='bbox 1264 2900 1301 2956; x_wconf 87' lang='lat' dir='ltr'><strong>T.</strong></span> 
     </span>
     <span class='ocr_line' id='line_1_66' title="bbox 762 2977 1302 3054; baseline -0.002 -18"><span class='ocrx_word' id='word_1_334' title='bbox 762 2980 826 3054; x_wconf 81' lang='lat'>189.</span> <span class='ocrx_word' id='word_1_335' title='bbox 855 2977 956 3054; x_wconf 83' lang='lat' dir='ltr'><strong>legitur</strong></span> <span class='ocrx_word' id='word_1_336' title='bbox 982 2983 1071 3043; x_wconf 73' lang='grc' dir='ltr'><strong><em>εὐῶπα,</em></strong></span> <span class='ocrx_word' id='word_1_337' title='bbox 1099 2978 1175 3054; x_wconf 91' lang='lat' dir='ltr'><strong>quod</strong></span> <span class='ocrx_word' id='word_1_338' title='bbox 1202 2996 1302 3036; x_wconf 89' lang='lat' dir='ltr'><strong>omnes</strong></span> 
     </span>
     <span class='ocr_line' id='line_1_67' title="bbox 758 3056 1303 3134; baseline 0 -19"><span class='ocrx_word' id='word_1_339' title='bbox 758 3069 825 3115; x_wconf 82' lang='lat' dir='ltr'><strong>aute</strong></span> <span class='ocrx_word' id='word_1_340' title='bbox 838 3057 1036 3115; x_wconf 85' lang='lat' dir='ltr'><strong>Hermannum</strong></span> <span class='ocrx_word' id='word_1_341' title='bbox 1052 3077 1103 3134; x_wconf 86' lang='lat' dir='ltr'><strong>pro</strong></span> <span class='ocrx_word' id='word_1_342' title='bbox 1118 3056 1242 3116; x_wconf 87' lang='lat' dir='ltr'><strong>vocativo</strong></span> <span class='ocrx_word' id='word_1_343' title='bbox 1255 3076 1303 3115; x_wconf 82' lang='lat' dir='ltr'><strong>ac·</strong></span> 
     </span>
     <span class='ocr_line' id='line_1_68' title="bbox 758 3134 1304 3215; baseline 0 -19"><span class='ocrx_word' id='word_1_344' title='bbox 758 3148 903 3215; x_wconf 83' lang='lat' dir='ltr'><strong>ceperunt;</strong></span> <span class='ocrx_word' id='word_1_345' title='bbox 917 3134 940 3193; x_wconf 90' lang='lat' dir='ltr'><strong>is</strong></span> <span class='ocrx_word' id='word_1_346' title='bbox 955 3155 1017 3194; x_wconf 82' lang='lat' dir='ltr'><strong>veto</strong></span> <span class='ocrx_word' id='word_1_347' title='bbox 1037 3135 1223 3194; x_wconf 84' lang='lat' dir='ltr'><strong>accusativum</strong></span> <span class='ocrx_word' id='word_1_348' title='bbox 1243 3155 1304 3196; x_wconf 87' lang='lat' dir='ltr'><strong>esse</strong></span> 
     </span>
     <span class='ocr_line' id='line_1_69' title="bbox 760 3214 1304 3293; baseline 0 -18"><span class='ocrx_word' id='word_1_349' title='bbox 760 3216 864 3275; x_wconf 88' lang='lat' dir='ltr'><strong>docuit.</strong></span> <span class='ocrx_word' id='word_1_350' title='bbox 886 3214 978 3274; x_wconf 88' lang='lat' dir='ltr'><strong>Simili</strong></span> <span class='ocrx_word' id='word_1_351' title='bbox 991 3217 1077 3286; x_wconf 84' lang='lat' dir='ltr'><strong>modo</strong></span> <span class='ocrx_word' id='word_1_352' title='bbox 1089 3224 1216 3292; x_wconf 75' lang='grc' dir='ltr'><strong><em>χρυσῶπα,</em></strong></span> <span class='ocrx_word' id='word_1_353' title='bbox 1227 3218 1304 3293; x_wconf 90' lang='lat' dir='ltr'><strong>quod</strong></span> 
     </span>
     <span class='ocr_line' id='line_1_70' title="bbox 760 3295 1303 3373; baseline 0.006 -20"><span class='ocrx_word' id='word_1_354' title='bbox 760 3299 898 3372; x_wconf 77' lang='lat' dir='ltr'><strong>epitheton</strong></span> <span class='ocrx_word' id='word_1_355' title='bbox 909 3297 1011 3354; x_wconf 79' lang='lat' dir='ltr'><strong>Bocchi</strong></span> <span class='ocrx_word' id='word_1_356' title='bbox 1024 3296 1147 3373; x_wconf 88' lang='lat' dir='ltr'><strong>appellat</strong></span> <span class='ocrx_word' id='word_1_357' title='bbox 1158 3295 1303 3366; x_wconf 84' lang='lat' dir='ltr'><strong>Heslerus,</strong></span> 
     </span>
     <span class='ocr_line' id='line_1_71' title="bbox 761 3373 1304 3452; baseline 0.006 -19"><span class='ocrx_word' id='word_1_358' title='bbox 761 3395 824 3434; x_wconf 91' lang='lat' dir='ltr'><strong>mea</strong></span> <span class='ocrx_word' id='word_1_359' title='bbox 845 3374 986 3434; x_wconf 86' lang='lat' dir='ltr'><strong>sententia</strong></span> <span class='ocrx_word' id='word_1_360' title='bbox 1004 3373 1213 3450; x_wconf 81' lang='grc' dir='ltr'><strong><em>οιινηὌλυμτοι,</em></strong></span> <span class='ocrx_word' id='word_1_361' title='bbox 1228 3377 1304 3452; x_wconf 90' lang='lat' dir='ltr'><strong>quod</strong></span> 
     </span>
     <span class='ocr_line' id='line_1_72' title="bbox 761 3453 1304 3533; baseline 0.004 -21"><span class='ocrx_word' id='word_1_362' title='bbox 761 3454 806 3513; x_wconf 88' lang='lat' dir='ltr'><strong>hic</strong></span> <span class='ocrx_word' id='word_1_363' title='bbox 816 3457 908 3532; x_wconf 76' lang='grc' dir='ltr'><strong><em>οὐρανὸν</em></strong></span> <span class='ocrx_word' id='word_1_364' title='bbox 918 3454 1064 3532; x_wconf 86' lang='lat' dir='ltr'><strong>significat,</strong></span> <span class='ocrx_word' id='word_1_365' title='bbox 1076 3453 1304 3533; x_wconf 85' lang='lat' dir='ltr'><strong>conjungendum</strong></span> 
     </span>
     <span class='ocr_line' id='line_1_73' title="bbox 761 3536 1305 3608; baseline -0.002 -15"><span class='ocrx_word' id='word_1_366' title='bbox 761 3546 813 3593; x_wconf 81' lang='lat' dir='ltr'><strong>est</strong></span> <span class='ocrx_word' id='word_1_367' title='bbox 847 3536 892 3592; x_wconf 88' lang='lat' dir='ltr'><strong>Ita</strong></span> <span class='ocrx_word' id='word_1_368' title='bbox 911 3545 1005 3592; x_wconf 88' lang='lat' dir='ltr'><strong>noster</strong></span> <span class='ocrx_word' id='word_1_369' title='bbox 1018 3536 1081 3594; x_wconf 91' lang='lat' dir='ltr'><strong>Ion.</strong></span> <span class='ocrx_word' id='word_1_370' title='bbox 1096 3548 1164 3608; x_wconf 82' lang='lat'>459.</span> <span class='ocrx_word' id='word_1_371' title='bbox 1179 3539 1305 3608; x_wconf 69' lang='grc' dir='ltr'><strong><em>Ὀλύμπου</em></strong></span> 
     </span>
     <span class='ocr_line' id='line_1_74' title="bbox 761 3611 1305 3693; baseline 0 -23"><span class='ocrx_word' id='word_1_372' title='bbox 761 3615 867 3690; x_wconf 75' lang='grc' dir='ltr'><strong><em>χρυσέων</em></strong></span> <span class='ocrx_word' id='word_1_373' title='bbox 893 3618 1011 3686; x_wconf 73' lang='grc' dir='ltr'><strong><em>θαλάμων</em></strong></span> <span class='ocrx_word' id='word_1_374' title='bbox 1028 3611 1033 3693; x_wconf 80' lang='grc' dir='ltr'>Ι</span> <span class='ocrx_word' id='word_1_375' title='bbox 1050 3614 1166 3686; x_wconf 77' lang='grc' dir='ltr'><strong><em>πταμένα</em></strong></span> <span class='ocrx_word' id='word_1_376' title='bbox 1192 3615 1234 3687; x_wconf 72' lang='grc' dir='ltr'><strong>τρο</strong></span> <span class='ocrx_word' id='word_1_377' title='bbox 1271 3620 1305 3670; x_wconf 78' lang='grc' dir='ltr'><strong>ἂ-</strong></span> 
     </span>
     <span class='ocr_line' id='line_1_75' title="bbox 761 3691 1304 3768; baseline 0.007 -19"><span class='ocrx_word' id='word_1_378' title='bbox 761 3698 841 3768; x_wconf 65' lang='lat' dir='ltr'><strong>paida</strong></span> <span class='ocrx_word' id='word_1_379' title='bbox 875 3692 948 3751; x_wconf 91' lang='lat' dir='ltr'><strong>Ibid.</strong></span> <span class='ocrx_word' id='word_1_380' title='bbox 964 3707 1049 3768; x_wconf 85' lang='lat'>1154.</span> <span class='ocrx_word' id='word_1_381' title='bbox 1070 3691 1156 3767; x_wconf 73' lang='grc' dir='ltr'><strong><em>ἄρκτος</em></strong></span> <span class='ocrx_word' id='word_1_382' title='bbox 1174 3692 1304 3768; x_wconf 63' lang='grc' dir='ltr'><strong><em>στρέφους’</em></strong></span> 
     </span>
     <span class='ocr_line' id='line_1_76' title="bbox 762 3769 1305 3848; baseline 0 -18"><span class='ocrx_word' id='word_1_383' title='bbox 762 3780 846 3848; x_wconf 77' lang='grc' dir='ltr'><strong><em>οὐραῖα</em></strong></span> <span class='ocrx_word' id='word_1_384' title='bbox 858 3773 970 3848; x_wconf 75' lang='grc' dir='ltr'><strong><em>χρυσῆριι</em></strong></span> <span class='ocrx_word' id='word_1_385' title='bbox 980 3773 1053 3844; x_wconf 65' lang='lat' dir='ltr'><strong>adin.</strong></span> <span class='ocrx_word' id='word_1_386' title='bbox 1074 3771 1155 3828; x_wconf 90' lang='lat' dir='ltr'><strong>Idem</strong></span> <span class='ocrx_word' id='word_1_387' title='bbox 1164 3769 1237 3830; x_wconf 81' lang='lat' dir='ltr'><strong>Solis</strong></span> <span class='ocrx_word' id='word_1_388' title='bbox 1246 3796 1305 3848; x_wconf 79' lang='grc' dir='ltr'><strong><em>χρυ·</em></strong></span> 
     </span>
     <span class='ocr_line' id='line_1_77' title="bbox 763 3851 1215 3928; baseline 0.004 -20"><span class='ocrx_word' id='word_1_389' title='bbox 763 3854 841 3910; x_wconf 73' lang='grc' dir='ltr'><strong><em>σοοπὸν</em></strong></span> <span class='ocrx_word' id='word_1_390' title='bbox 853 3851 923 3928; x_wconf 74' lang='grc' dir='ltr'><strong><em>ἕδραν</em></strong></span> <span class='ocrx_word' id='word_1_391' title='bbox 936 3863 1074 3910; x_wconf 83' lang='lat' dir='ltr'><strong>memorat</strong></span> <span class='ocrx_word' id='word_1_392' title='bbox 1086 3851 1130 3908; x_wconf 88' lang='lat' dir='ltr'><strong>El.</strong></span> <span class='ocrx_word' id='word_1_393' title='bbox 1148 3867 1215 3926; x_wconf 85' lang='lat'>740.</span> 
     </span>
    </p>

    <p class='ocr_par' dir='ltr' id='par_1_17' title="bbox 763 3932 1310 4325">
     <span class='ocr_line' id='line_1_78' title="bbox 805 3932 1307 4010; baseline -0.002 -20"><span class='ocrx_word' id='word_1_394' title='bbox 805 3948 820 4006; x_wconf 82' lang='grc'><strong><em>5</em></strong></span> <span class='ocrx_word' id='word_1_395' title='bbox 825 3945 872 4006; x_wconf 82' lang='lat'><strong>54·</strong></span> <span class='ocrx_word' id='word_1_396' title='bbox 887 3932 946 3991; x_wconf 84' lang='lat' dir='ltr'><strong>Pal.</strong></span> <span class='ocrx_word' id='word_1_397' title='bbox 958 3933 1099 4009; x_wconf 76' lang='lat' dir='ltr'><strong>duadvpclu.</strong></span> <span class='ocrx_word' id='word_1_398' title='bbox 1121 3932 1212 4010; x_wconf 81' lang='lat' dir='ltr'><strong>Supra</strong></span> <span class='ocrx_word' id='word_1_399' title='bbox 1221 3951 1246 3990; x_wconf 81' lang='lat' dir='ltr'><strong>v.</strong></span> <span class='ocrx_word' id='word_1_400' title='bbox 1259 3933 1307 3991; x_wconf 86' lang='lat'><strong>80.</strong></span> 
     </span>
     <span class='ocr_line' id='line_1_79' title="bbox 763 4010 1308 4088; baseline 0 -20"><span class='ocrx_word' id='word_1_401' title='bbox 763 4010 914 4069; x_wconf 84' lang='lat' dir='ltr'><strong>habuimus</strong></span> <span class='ocrx_word' id='word_1_402' title='bbox 923 4014 972 4067; x_wconf 77' lang='grc' dir='ltr'><strong>ἀνὰ</strong></span> <span class='ocrx_word' id='word_1_403' title='bbox 983 4014 1067 4087; x_wconf 74' lang='grc' dir='ltr'><strong><em>θύρσον</em></strong></span> <span class='ocrx_word' id='word_1_404' title='bbox 1078 4035 1107 4070; x_wconf 85' lang='grc' dir='ltr'><strong><em>τε</em></strong></span> <span class='ocrx_word' id='word_1_405' title='bbox 1120 4015 1245 4070; x_wconf 75' lang='grc' dir='ltr'><strong><em>τινάσσων</em></strong></span> <span class='ocrx_word' id='word_1_406' title='bbox 1257 4031 1308 4088; x_wconf 89' lang='lat' dir='ltr'><strong>pro</strong></span> 
     </span>
     <span class='ocr_line' id='line_1_80' title="bbox 765 4090 1310 4166; baseline 0 -20"><span class='ocrx_word' id='word_1_407' title='bbox 765 4094 938 4147; x_wconf 78' lang='grc' dir='ltr'><strong><em>ἀνατινσίσσοιι</em></strong></span> <span class='ocrx_word' id='word_1_408' title='bbox 961 4115 990 4147; x_wconf 86' lang='grc' dir='ltr'><strong><em>τε</em></strong></span> <span class='ocrx_word' id='word_1_409' title='bbox 1017 4095 1107 4166; x_wconf 69' lang='grc' dir='ltr'><strong><em>θύρσον.</em></strong></span> <span class='ocrx_word' id='word_1_410' title='bbox 1149 4090 1245 4148; x_wconf 84' lang='lat' dir='ltr'><strong>Simile</strong></span> <span class='ocrx_word' id='word_1_411' title='bbox 1266 4101 1310 4146; x_wconf 80' lang='lat' dir='ltr'><strong>est</strong></span> 
     </span>
     <span class='ocr_line' id='line_1_81' title="bbox 765 4169 1309 4243; baseline 0 -17"><span class='ocrx_word' id='word_1_412' title='bbox 765 4171 835 4226; x_wconf 78' lang='grc' dir='ltr'><strong><em>κατὰ</em></strong></span> <span class='ocrx_word' id='word_1_413' title='bbox 858 4177 923 4242; x_wconf 66' lang='grc' dir='ltr'><strong><em>μηρῷ</em></strong></span> <span class='ocrx_word' id='word_1_414' title='bbox 943 4169 969 4225; x_wconf 74' lang='grc' dir='ltr'><strong>δὲ</strong></span> <span class='ocrx_word' id='word_1_415' title='bbox 989 4175 1105 4240; x_wconf 70' lang='grc' dir='ltr'><strong><em>καλύψας</em></strong></span> <span class='ocrx_word' id='word_1_416' title='bbox 1128 4190 1152 4228; x_wconf 84' lang='lat' dir='ltr'><strong>v.</strong></span> <span class='ocrx_word' id='word_1_417' title='bbox 1175 4170 1222 4243; x_wconf 87' lang='lat'><strong>96.</strong></span> <span class='ocrx_word' id='word_1_418' title='bbox 1244 4187 1309 4226; x_wconf 87' lang='lat' dir='ltr'><strong>cum</strong></span> 
     </span>
     <span class='ocr_line' id='line_1_82' title="bbox 767 4244 1309 4325; baseline 0 -21"><span class='ocrx_word' id='word_1_419' title='bbox 767 4246 827 4304; x_wconf 88' lang='lat' dir='ltr'><strong>aliis</strong></span> <span class='ocrx_word' id='word_1_420' title='bbox 850 4247 998 4316; x_wconf 84' lang='lat' dir='ltr'><strong>sexcentis,</strong></span> <span class='ocrx_word' id='word_1_421' title='bbox 1013 4249 1115 4325; x_wconf 88' lang='lat' dir='ltr'><strong>quibus</strong></span> <span class='ocrx_word' id='word_1_422' title='bbox 1135 4247 1219 4324; x_wconf 81' lang='lat' dir='ltr'><strong>longe</strong></span> <span class='ocrx_word' id='word_1_423' title='bbox 1232 4244 1309 4304; x_wconf 87' lang='lat' dir='ltr'><strong>inso-</strong></span> 
     </span>
    </p>
   </div>
   <div class='ocr_carea' id='block_1_12' title="bbox 767 4324 1227 4458">
    <p class='ocr_par' dir='ltr' id='par_1_18' title="bbox 767 4324 1227 4458">
     <span class='ocr_line' id='line_1_83' title="bbox 767 4324 1227 4400; baseline -0.004 -18"><span class='ocrx_word' id='word_1_424' title='bbox 767 4324 871 4383; x_wconf 83' lang='lat' dir='ltr'><strong>lentius</strong></span> <span class='ocrx_word' id='word_1_425' title='bbox 884 4337 927 4388; x_wconf 79' lang='lat' dir='ltr'><strong>est</strong></span> <span class='ocrx_word' id='word_1_426' title='bbox 939 4333 1062 4385; x_wconf 76' lang='grc' dir='ltr'><strong><em>τινάσσων</em></strong></span> <span class='ocrx_word' id='word_1_427' title='bbox 1075 4332 1125 4384; x_wconf 70' lang='grc' dir='ltr'><strong>ἀνὰ</strong></span> <span class='ocrx_word' id='word_1_428' title='bbox 1138 4329 1227 4400; x_wconf 66' lang='grc' dir='ltr'><strong><em>θύρσον.</em></strong></span> 
     </span>
     <span class='ocr_line' id='line_1_84' title="bbox 829 4422 846 4458; baseline 0 0"><span class='ocrx_word' id='word_1_429' title='bbox 829 4422 846 4458; x_wconf 74' lang='lat' dir='ltr'>r</span> 
     </span>
    </p>
   </div>
   <div class='ocr_carea' id='block_1_13' title="bbox 0 0 1640 5102">
    <p class='ocr_par' dir='ltr' id='par_1_19' title="bbox 0 0 1640 5102">
     <span class='ocr_line' id='line_1_85' title="bbox 0 0 1640 5102; baseline 0 0"><span class='ocrx_word' id='word_1_430' title='bbox 0 0 1640 5102; x_wconf 95' lang='lat' dir='ltr'><strong> </strong></span> 
     </span>
    </p>
   </div>
  </div>
 </body>
</html>
