3226 5104
278 255 354 331 174
565 236 869 308 nrrrnrnor
904 195 1164 300 ινακκκι.ο

387 433 447 508 καὶ
466 421 654 530 &stupeas
672 413 775 500 anid'
795 417 980 526 Ἀρμονύαν,
998 407 1142 519 ύοίμαρτ’
1162 407 1252 516 ε’μην,

386 549 512 662 ύροίκων
531 545 707 658 ύρανιαύνης
726 543 824 650 φύσιν
844 542 986 638 ἔχουσαν
1004 524 1137 648 νἰγρύαν,

386 679 458 788 diu
475 684 528 760 ’orl
547 673 685 781 βαμοῗνς
706 675 766 752 καὶ
785 666 916 772 τάφους
932 665 1160 760 Ἑλληνικούς,

307 791 314 804 .
386 804 562 912 ἡγούμενος
579 801 778 902 λύγχαιτιν.
810 788 881 874 aridi
899 790 1081 899 andrapon
1166 821 1174 830 ·

390 933 503 1018 nandi
523 942 538 1012 ὁ
557 929 702 1034 τλήμονι,
723 917 794 1004 ool?
811 920 862 1002 τοι
883 917 1097 1013 καταιβάτην

385 1059 563 1170 Ἀχέροντα
580 1050 751 1141 πλεύσας,
772 1048 896 1144 ἥσυχος
915 1043 1110 1149 γενηοομαι.

277 1207 348 1272 ΑΓ.
381 1186 433 1266 Ὠ
452 1188 571 1288 πάτερ,
592 1175 659 1280 ἐγῶ
678 1170 720 1256 de'
732 1210 790 1253 του
809 1171 962 1276 στερεῖσα
980 1164 1160 1272 φεύξομαι.

280 1331 354 1396 KA.
387 1313 432 1393 Ti
447 1314 483 1415 μ’
504 1299 753 1418 ἀμφιβάλλεις
770 1301 892 1405 χερσὶν,
912 1287 1107 1374 εἶτούλαινα
1125 1293 1206 1379 παῖ,

390 1433 468 1540 ύρνις
486 1429 580 1513 ’ὄντας
599 1422 728 1529 κηφῖἱνα
745 1417 938 1524 ττολιύχρας
959 1413 1085 1499 κύκνος.

1337 565 1417 615 13⁵⁵

1340 1187 1422 1246 rado

325 1711 411 1772 1355.
432 1687 640 1752 Grammaticus
659 1683 734 1763 apud
746 1682 824 1742 Bek-
877 1678 994 1755 [1058.]
1017 1674 1097 1751 cujus
1118 1675 1209 1736 laudis
1230 1687 1339 1755 partem
1361 1695 1421 1734 nou

280 1779 378 1838 lterum
398 1773 536 1832 Anecdot.
560 1790 587 1846 p.
602 1786 651 1843 90.
678 1769 823 1842 Δράκανναι
874 1759 1001 1817 infimam
1015 1757 1114 1815 tulisse
1128 1757 1255 1814 videntur
1274 1754 1366 1836 cygni,
1380 1755 1418 1812 si-

211 1856 214 1864 ’
281 1861 309 1916 τὸ
323 1855 432 1927 θηλυκόν.
452 1854 580 1928 Εὐριπιδης
592 1851 714 1918 Βάκχας.
746 1842 827 1900 Adde
876 1837 992 1916 quidem
1012 1836 1161 1914 Euripides
1184 1837 1288 1894 Electr.
1310 1856 1334 1892 r.
1354 1849 1420 1911 151.

281 1934 451 2013 Aeschylum
471 1933 556 1990 Eum.
575 1928 640 1986 128.
661 1922 826 2001 Euripidem
876 1919 1003 1976 lamenta
1019 1928 1231 1984 commemorat,
1246 1915 1347 1992 quibus
1369 1934 1420 1992 pa-

281 2019 344 2097 Iph.
358 2018 394 2074 T.
408 2013 473 2072 286.
877 2010 986 2057 rentem
1019 1996 1126 2073 laqueis
1159 2007 1275 2074 captum
1312 1995 1420 2074 lugent.

324 2099 393 2163 Ibid.
415 2094 503 2151 Abest
517 2088 606 2148 aPal.
621 2089 705 2164 φύσιν.
740 2082 827 2140 Haud
875 2079 945 2136 Non
966 2088 1010 2136 est
1030 2075 1124 2155 igitur,
1149 2075 1225 2152 quod
1250 2073 1420 2141 dubitemus,

282 2173 425 2235 dissimilis
439 2190 533 2230 versus
547 2171 610 2227 Ion.
625 2185 694 2243 992.
716 2166 788 2222 Ποῖόν
800 2186 826 2217 τι
876 2159 911 2216 de
929 2155 1028 2236 cygnis
1048 2175 1129 2234 agere
1147 2163 1272 2234 poetam.
1314 2155 1420 2212 Verum

282 2261 374 2334 μορφῆς
386 2257 465 2327 σχῆμ’
479 2250 585 2323 ἔχουσαν
599 2249 704 2322 ἀγρίῳ
876 2238 943 2315 quld
957 2237 1002 2295 hic
1016 2236 1082 2294 facit
1095 2255 1147 2293 vox
1161 2238 1278 2312 κηφηναῖ
1307 2235 1421 2312 Nempe

335 2357 346 2393 1
353 2354 368 2409 3
373 2335 421 2410 58.
472 2331 646 2399 Καταιβάτην,
681 2323 826 2400 infernum.

283 2417 366 2474 Haec
386 2411 456 2469 nihil
480 2410 515 2468 ad
536 2409 695 2476 καταιβάτην
717 2403 827 2459 Jovem.

282 2497 460 2554 Bnoosuos.
505 2488 678 2556 Καταιβάτης,
707 2485 753 2556 qni
780 2483 827 2538 dc·

283 2593 403 2640 sconsum
420 2570 543 2646 praebet,
558 2565 631 2623 idem
646 2561 722 2639 quod
742 2583 826 2616 κατα-

283 2659 402 2728 βιβαζαν.
418 2652 590 2708 Hssrrrws.
615 2641 827 2717 Pseudogrego·

284 2735 342 2794 rius
356 2755 381 2791 v.
397 2732 483 2806 1691.
504 2727 554 2786 οὐδὲ
577 2726 618 2782 τὶν
638 2724 788 2792 καταβύτην
805 2715 810 2798 Ι

284 2819 360 2886 Λύδην
373 2815 471 2884 διαβὰς,
486 2810 575 2880 ἥσνχος
586 2804 728 2880 γενήσεται.

271 2896 275 2900 ’
329 2895 415 2971 1360.
450 2890 538 2949 Aldus
568 2888 724 2960 στερηθεῖσαν,
752 2877 829 2955 quod

876 2318 950 2376 idem
970 2317 1046 2393 quod
1065 2315 1168 2374 Troad.
1187 2335 1212 2371 v.
1231 2333 1297 2390 191.
1311 2313 1361 2372 ubi
1377 2333 1420 2370 se-

876 2419 936 2456 nem
950 2399 1075 2473 rffoetum
1090 2404 1116 2452 et
1129 2398 1293 2469 decrepitum
1311 2393 1419 2472 signifi-

877 2489 932 2536 cat.
973 2475 1054 2535 Nihil
1080 2475 1164 2554 igitur
1188 2487 1268 2532 muto
1297 2473 1351 2531 nisi
1374 2499 1419 2530 τι·

877 2558 983 2633 λιύχρονς,
1006 2577 1058 2634 pro
1080 2575 1137 2632 quo
1161 2553 1256 2612 malim
1280 2557 1420 2631 πολιύχρονν.

872 2635 955 2713 Ὀρνις
971 2641 1050 2702 κύκνος
1069 2634 1144 2693 idem
1166 2634 1347 2713 pleonasmus
1367 2647 1420 2702 est,

876 2736 960 2793 quem
972 2715 1067 2772 multis
1078 2714 1212 2790 exemplis
1223 2713 1421 2772 illustravimus

878 2797 952 2854 adv.
968 2811 1051 2870 1027.
1069 2795 1185 2870 [1026]
1218 2793 1329 2856 Quibus
1350 2794 1422 2852 adde

878 2877 983 2936 Helen.
1003 2896 1028 2934 v.
1043 2893 1089 2951 19.
1108 2874 1204 2946 [κύκνον
1223 2877 1369 2951 μορφώματ’
1382 2872 1421 2950 ’ύρ-

877 2961 936 3023 ννθος
956 2956 1063 3030 λαβύν.]
1097 2958 1244 3029 Πολιύχραν,
1265 2966 1298 3011 ut
1319 2955 1420 3030 λιπαρύ-

877 3062 939 3113 χρων
965 3033 1108 3097 Theocrit.
1132 3034 1215 3112 Idyll.
1240 3035 1278 3092 ΙΙ.
1306 3054 1330 3090 ν.
1355 3053 1420 3092 102.

877 3118 1091 3176 Musunnvws.
1130 3111 1220 3190 ''Oprrd'
1242 3113 1302 3180 ὅπως
1324 3117 1423 3190 κηφῆνα

284 3220 385 3292 ρηθεῒοα
398 3210 460 3269 libri
474 3219 589 3266 veteres.
876 3197 1004 3272 τολιύχρονς
1021 3200 1108 3261 κύκνος.
1151 3195 1237 3252 Hanc
1256 3193 1422 3272 scripturam

328 3293 412 3368 1362.
434 3287 575 3348 Meudum
592 3281 705 3358 aliquod
726 3278 770 3336 lric
784 3278 826 3335 la·
878 3276 996 3334 omnino
1014 3274 1122 3353 flagitat
1140 3286 1279 3331 metrum:
1303 3293 1369 3333 narn
1391 3274 1421 3331 in

283 3388 343 3435 tere
357 3369 426 3430 mihi
444 3383 608 3448 persuasum
629 3371 689 3418 est:
713 3370 827 3416 senten·
876 3355 934 3434 ’ὅρνις
957 3354 1058 3413 ultima
1081 3353 1236 3432 corripitur.
1286 3353 1423 3428 Πολιὸχρος

284 3457 325 3515 tia
346 3451 432 3518 enim,
454 3447 485 3505 ni
507 3443 598 3511 fallor,
622 3442 691 3498 haec
714 3449 765 3506 est,
791 3438 828 3495 ab
876 3441 956 3502 κύκνος
968 3447 1011 3493 est
1021 3436 1152 3492 condidus
1166 3437 1422 3510 cycnunetmpffiva

284 3539 378 3615 Agave
386 3531 504 3606 juventa
517 3522 627 3582 florenti
646 3539 725 3594 spem
745 3537 826 3596 prae·
876 3515 956 3594 ’ύρννθα
977 3526 1059 3573 notat
1077 3517 1150 3572 senio
1169 3515 1320 3590 consectam
1333 3531 1420 3581 οοανν,

285 3615 346 3675 sidii
372 3613 475 3670 frustra
500 3602 631 3664 collocari
659 3599 689 3658 in
717 3599 827 3656 Cadmo
876 3598 1002 3672 effoetum
1023 3603 1176 3670 parentem.
1228 3595 1420 3652 Bounomos.

284 3695 363 3756 senio
397 3681 693 3751 effoeto-Attentius
733 3679 828 3738 locum
876 3676 1029 3756 Vulgatam
1043 3674 1180 3733 revocavit
1189 3673 1338 3732 Matthiae.
1359 3674 1421 3731 Ne-

286 3771 454 3852 expendenti
473 3767 563 3827 visum
586 3775 629 3822 est
651 3757 828 3820 verisimilius
878 3771 926 3814 mo
949 3755 1062 3836 ignorat
1083 3753 1141 3832 ’ὅρνις
1167 3754 1319 3812 secundam
1346 3753 1422 3830 apud

286 3859 404 3914 Pomm
418 3851 457 3908 ita
469 3846 628 3924 scripsisse:
650 3845 685 3898 Τί
703 3846 730 3914 μ’
744 3845 828 3915 ἀμφι·
877 3836 997 3916 tragicos
1011 3855 1192 3894 communem
1206 3834 1318 3891 habere.
1352 3835 1422 3891 Non

285 3939 390 4009 βάλλεις
408 3931 500 4005 χερσὶν,
523 3921 541 3982 d
559 3929 671 3982 τάλαινα
693 3927 749 3988 nal,
767 3915 772 3997 Ι
788 3916 827 3995 ip·
877 3937 948 3995 opus
966 3915 1052 3994 igitur
1070 3927 1104 3973 ut
1122 3913 1205 3973 metri
1223 3931 1319 3970 caussa
1337 3931 1420 3989 repo·

285 4021 327 4075 aad
341 4013 400 4078 ’ὄντος
419 4012 524 4086 κηφῆνα,
540 4006 669 4080 τοιούχροα
688 4005 769 4058 κύκνον
778 4021 829 4068 3-
877 4009 961 4054 natur
985 3994 1074 4071 ἰ’ρννθα.
1116 3995 1146 4052 si
1174 4012 1237 4051 vero
1264 3991 1423 4050 sententiae

285 4098 389 4154 Verte:
414 4087 594 4154 Quamobrem
609 4103 652 4140 me
664 4081 827 4145 moisidano
876 4075 1089 4136 convenientior
1109 4075 1218 4132 videtur
1236 4070 1419 4139 accusativus,

285 4180 384 4235 misero
394 4172 469 4248 filio,
485 4166 664 4240 amplecteris,
679 4163 726 4238 qui
739 4179 828 4216 merus
878 4157 971 4216 nescio
990 4175 1026 4212 an
1045 4153 1140 4230 potius
1160 4150 1338 4210 scribendum
1351 4147 1420 4228 ὄρνιν.

285 4257 438 4314 minister
461 4248 541 4304 alites
555 4245 650 4320 sucro,
672 4259 756 4298 conus
780 4259 826 4314 cy-
877 4241 981 4314 Κηρνῆνα
1015 4245 1090 4291 recte
1123 4231 1260 4309 explicare
1292 4230 1422 4289 videntur

285 4337 379 4410 goos?
393 4333 565 4390 Hismarus.
586 4322 724 4380 Pietatem
736 4319 827 4378 avium
875 4312 1053 4394 Musgravius
1074 4324 1103 4371 et
1124 4311 1294 4372 Brunclrius.
1329 4313 1420 4370 noad-

285 4416 408 4474 celebrat
421 4405 575 4486 Sophocles
588 4403 694 4460 Electr.
705 4420 730 4458 r.
741 4400 826 4473 1064.
876 4420 937 4473 χρας
956 4392 1027 4452 nihil
1046 4393 1101 4453 nisi
1116 4394 1197 4462 λευκὸς
1208 4392 1255 4453 hic
1270 4391 1417 4471 significat.

284 2973 404 3036 correxit
416 2967 579 3030 Bamesius.
600 2965 707 3022 Noster
717 2960 781 3038 Iph.
791 2960 827 3017 T.

285 3072 354 3131 474.
375 3057 425 3112 οἵονν
445 3055 564 3126 στερεῖσα
583 3047 702 3116 διπτύχων
724 3047 827 3107 νεανιῶν,

301 3134 306 3216 Ι
324 3139 460 3209 ἀνάδελφος
477 3129 561 3187 ἔσται.
596 3123 654 3184 ch
668 3121 752 3179 etlam
766 3143 827 3176 στε·
