3194 5102
436 547 998 666 PRAEFATIO.

613 836 833 886 -4—

219 1029 454 1106 URIPIDIS
482 1031 709 1104 Baccharum
735 1030 875 1104 codices
903 1055 1013 1104 manu
1030 1028 1152 1130 scripti
1169 1057 1286 1131 neque

97 1229 105 1238 ,
245 1147 352 1220 multi
374 1145 419 1218 ad
444 1157 600 1234 nostram
628 1157 782 1218 aetatem
808 1157 1056 1244 pervenerunt,
1081 1171 1199 1242 neque
1225 1173 1287 1220 ve·

141 1261 243 1350 tusti,
260 1287 378 1357 neque
394 1261 491 1332 boni.
534 1260 660 1333 Unum
678 1260 818 1333 Romae
837 1260 872 1332 in
891 1259 1077 1352 Vaticana,
1094 1259 1183 1333 duos
1201 1259 1287 1334 Flo·

144 1376 282 1449 rentiae
304 1377 341 1448 in
367 1373 619 1465 Laurentiano,
640 1375 791 1448 totidem
817 1373 984 1448 Lutetiae
1010 1373 1223 1450 Parisiorum
1249 1375 1287 1450 in

143 1485 262 1588 Regia
288 1490 506 1562 bibliotheca
528 1489 656 1562 servari
681 1502 804 1563 monet
829 1487 987 1562 Beclrius
1011 1487 1049 1562 in
1066 1489 1287 1566 Recerur'one

147 1605 332 1696 Codicum,
349 1605 562 1678 Editionum
587 1614 696 1702 atque
717 1603 759 1674 V
753 1605 933 1678 ersionum
956 1601 1160 1702 Euripidis.
1203 1603 1286 1680 Hos

28 1763 30 1772 ι
141 1747 270 1794 omnes
295 1722 371 1820 ipse
393 1719 544 1819 inspexi,
562 1745 678 1818 neque
698 1720 816 1819 plures
835 1719 941 1792 hodie
958 1732 1097 1794 exstare
1114 1719 1284 1808 arbitron

143 1834 213 1908 nisi
239 1833 330 1906 forte
356 1835 395 1906 in
421 1834 540 1906 minus
563 1833 657 1907 notis
684 1833 810 1908 ltaliae
835 1833 1074 1924 bibliothecis,
1091 1835 1206 1932 qualis
1233 1847 1287 1908 est

142 1948 343 2021 Classensis
361 1974 472 2046 prope
490 1947 712 2034 Ravennam,
725 1947 822 2021 unde
838 1960 959 2020 nostra
977 1947 1149 2020 memoria
1164 1959 1285 2034 tantus

143 2061 382 2160 Aristophani
403 2060 570 2158 splendor
591 2061 748 2132 accessit.
799 2059 871 2131 Sed
896 2059 1051 2134 multum
1070 2059 1181 2150 abest,
1199 2058 1287 2159 quin

145 2175 309 2274 quinque
333 2173 440 2270 hujus
464 2173 605 2246 fabulae
628 2172 768 2247 codices
790 2199 827 2246 re
850 2198 932 2247 vera
957 2173 1049 2248 inter
1071 2201 1108 2248 se
1132 2173 1287 2250 diversos

21 2375 22 2378 Ἴ
147 2291 359 2362 habeamus.
408 2287 506 2360 Nam
529 2286 755 2361 Florentinus
781 2287 955 2362 recentior
983 2301 1020 2364 ct
1047 2301 1197 2390 uterque
1220 2289 1289 2366 Pa-

146 2406 303 2482 risiensis
329 2434 349 2478 a
373 2405 580 2479 Florentino
607 2405 805 2503 antiquiore
830 2406 978 2483 derivati
1005 2421 1099 2500 suut,
1121 2411 1289 2508 salvoque

148 2523 346 2621 archetypo
363 2522 498 2593 nullam
516 2521 552 2593 in
570 2521 1015 2624 constituenda-scriptura
1039 2525 1285 2601 auctoritatem

149 2638 283 2710 habere
308 2637 451 2709 debent.
494 2636 565 2710 His
592 2635 699 2736 igitur
717 2637 762 2710 de
779 2663 928 2712 numero
949 2639 1114 2730 exemtis,
1130 2666 1203 2716 non
1220 2640 1288 2716 nisi

151 2747 359 2820 Romanum
390 2760 428 2819 et
458 2773 571 2821 unum
602 2747 849 2821 Florentinum
882 2748 1067 2824 habemus.
1094 2811 1098 2823 .
1123 2751 1287 2834 Quorum

150 2888 263 2959 quum
285 2874 408 2935 neuter
424 2860 598 2960 integram
614 2862 773 2934 fabulam
790 2861 971 2952 exhibeat,
985 2861 1211 2936 Florentinus
1229 2886 1291 2934 au-

148 2994 225 3053 tern
252 2979 287 3051 in
308 3005 342 3050 v.
359 2988 444 3067 754.
459 2976 610 3067 desinat,
627 3003 699 3050 non
722 2977 882 3072 quinque
904 2975 1080 3066 codicum,
1097 2975 1159 3052 sed
1184 2976 1290 3052 unius

150 3107 294 3166 tanturn
311 3105 348 3164 et
364 3091 501 3164 dimidii
526 3091 733 3186 adjumento
750 3089 910 3165 fabulam
936 3090 1195 3168 emendandam
1215 3119 1292 3168 esse

153 3205 385 3278 manifestum
406 3214 470 3274 est.

205 3313 425 3388 Paucitatem
451 3312 615 3387 codicum
646 3339 720 3388 non
749 3328 960 3416 compensat
988 3329 1156 3392 vetustas.
1206 3317 1293 3394 Eto-

155 3433 232 3507 nim
259 3444 334 3504 tarn
354 3429 538 3502 Romanus
556 3456 663 3528 quam
690 3431 917 3506 Florentinus
945 3430 1125 3530 antiquior
1152 3434 1293 3508 saeculo

154 3548 295 3623 decimo
313 3558 440 3642 quarto
466 3546 616 3646 scriptus
641 3558 706 3637 est,
723 3546 876 3645 ideoque
898 3547 1072 3620 intereos
1098 3547 1294 3638 habendus,

152 3691 245 3764 quos
267 3661 509 3736 recentiorum
534 3671 735 3758 ternporum
761 3661 919 3761 appellat
940 3659 1084 3734 Bestius
1101 3660 1297 3735 Commen-

107 3803 109 3808 ·
155 3792 218 3853 tat.
236 3776 416 3874 Palaeogr.
433 3803 469 3875 p.
488 3769 571 3865 7'12.
622 3775 741 3848 Ceteri
769 3788 839 3849 tres
867 3771 1101 3848 recentissimi
1126 3785 1221 3866 sunt,
1238 3787 1296 3852 ut·

156 3910 242 3998 pote
259 3894 400 3968 saeculo
417 3893 563 3966 demum
581 3890 841 3966 decimosexto
858 3891 992 3992 scripti.

205 4010 414 4085 Bonitatem
427 4034 549 4082 eorum
570 4006 654 4081 satis
672 4006 864 4108 magnifice
882 4005 1142 4106 praedicavero,
1155 4008 1184 4083 si
1197 4009 1298 4084 dixe-

159 4152 209 4214 ro,
228 4122 325 4224 haud
351 4148 484 4222 paucos
507 4121 662 4196 Aldinae
686 4123 901 4198 recensionis
930 4150 1063 4198 errores
1088 4151 1211 4200 eorum
1229 4151 1298 4228 ope

160 4235 317 4308 sublatos
345 4233 512 4331 assequi
532 4235 632 4311 nulla
659 4261 819 4332 unquam
836 4237 993 4312 virorum
1012 4237 1197 4314 doctorum
1215 4266 1300 4314 con-

156 4351 296 4448 jectura
323 4349 403 4422 tolli
433 4350 643 4450 potuissent.
693 4348 765 4422 Sed
794 4351 901 4452 longe
934 4351 1054 4452 plures
1082 4363 1177 4444 sunt,
1203 4351 1299 4454 iique

706 4482 770 4539 Η
