3220 5102
293 261 343 338 72
579 247 882 324 eremmon
918 247 1136 317 asanaa

292 451 368 515 HE.
401 431 481 519 Ζιῖις
500 427 533 518 d'
554 429 617 512 ἔστ’
638 432 708 511 ἐκεῖ
723 463 786 518 τις,
805 428 842 516 is
861 423 943 512 νέιυς
960 429 1063 508 τίκτει
1082 425 1184 521 teatin

294 577 356 641 ΔΙ.
402 555 491 648 ola,
510 554 614 636 luni
632 552 779 661 Σεμίλινν
798 548 903 636 isicii
925 551 1044 660 ἔζευξεν
1062 552 1203 658 γυίμοις.

294 697 369 761 ΠΕ.
406 679 538 786 Πὸτεμι
553 673 589 757 di
608 675 725 784 νύκτωρ
744 681 789 765 τ’,
808 672 826 767 l
847 680 922 756 κατ’
943 677 1024 782 ὄμμ’
1044 672 1250 774 ἦνιίγκιισινς

295 915 416 972 fatentur
436 928 544 978 omnes,
559 907 625 967 lieet
637 907 704 985 quid
726 907 755 964 in
777 905 837 979 eius
887 909 970 966 detur
983 905 1097 964 Canteri
1110 909 1279 984 conjectura,
1292 927 1375 986 quam
1390 919 1433 968 ta·

294 993 389 1050 locum
403 988 628 1048 substituendum
649 987 696 1054 sit,
711 985 836 1043 nondum
888 1005 954 1045 men
968 1005 1053 1044 nemo
1068 998 1133 1044 ante
1146 1005 1192 1044 me
1207 986 1328 1044 admisit.
1363 989 1432 1046 Soa·

295 1072 369 1130 inter
381 1069 505 1128 eruditos
519 1066 676 1126 conveniat.
707 1063 839 1143 Scaliger-i
888 1066 975 1146 liger:
998 1067 1047 1134 ιύκ,
1060 1069 1133 1123 ma
1149 1067 1258 1140 Σεμέλης
1270 1070 1349 1128 ἐνθάδ’
1362 1065 1432 1140 ἕζέτν

295 1155 457 1229 conjectura
470 1147 596 1219 εύτέβιτεν
617 1146 671 1220 (sic
688 1145 764 1204 enim
786 1163 838 1222 po·
889 1146 929 1213 ξεν
941 1139 1042 1221 γάρἰυς.
1074 1144 1121 1204 Sio
1134 1144 1219 1204 etiam
1234 1144 1375 1214 Reiskius,
1386 1146 1433 1206 cui

295 1230 352 1289 tius
373 1249 457 1306 quam
481 1229 591 1298 εύσέβισ’
613 1245 678 1284 eum
702 1225 840 1282 lecturum
890 1226 988 1306 ignota
1013 1236 1073 1282 erat
1105 1223 1236 1303 Soaligeri
1263 1229 1432 1303 conjectura.

294 1309 383 1368 firisse
409 1305 541 1384 arbitror)
568 1325 660 1383 neque
685 1302 842 1364 sententiae
889 1303 1059 1366 Bamesius:
1081 1311 1143 1374 οὐκ,
1157 1310 1216 1362 ἀλλ’
1233 1302 1246 1360 l
1263 1305 1372 1378 Σνμύλην
1391 1311 1432 1369 ἐν·

296 1389 447 1448 commoda
459 1397 511 1455 est,
524 1405 617 1463 neque
630 1384 840 1463 idonea‘auoto·
890 1390 943 1446 tell'
956 1383 1049 1457 ἔζευξεν
1061 1388 1157 1459 γύριις.
1177 1380 1258 1446 Quia
1272 1404 1322 1461 pro
1334 1382 1359 1451 ’ὃς
1371 1385 1434 1443 solo

296 1469 380 1527 ritate
393 1465 501 1525 nititur.
526 1465 580 1522 Vir
589 1465 689 1523 doctus
699 1464 840 1522 Observa·
891 1464 1011 1523 Homeri
1025 1462 1186 1522 testimonio
1199 1463 1333 1521 defendit.
1356 1465 1432 1522 Nam

297 1547 407 1608 tionum
430 1544 553 1604 Miscell.
580 1547 615 1604 T.
638 1545 693 1602 IX.
721 1564 749 1620 p.
771 1541 840 1618 436.
891 1545 958 1604 nihil
972 1545 1007 1602 ad
1021 1563 1080 1602 rem
1094 1554 1146 1612 est,
1160 1543 1236 1622 quod
1250 1543 1352 1622 legitur
1360 1545 1435 1622 apud

296 1628 417 1698 εἰσέβηύ,
433 1626 514 1703 fecit,
528 1623 613 1698 jussit
632 1643 681 1681 aas
698 1625 841 1680 Graeciam
889 1623 1053 1702 Euripidem
1068 1623 1166 1702 Suppl.
1182 1625 1250 1697 847.
1265 1623 1312 1696 ’ὅτρ
1331 1622 1435 1694 ξννέττη

296 1709 412 1782 ingredi.
433 1704 480 1763 Sic
490 1704 575 1763 etiam
584 1703 724 1762 Reiskius.
746 1703 840 1764 Quam
889 1709 957 1762 τῶνδ’
970 1704 1074 1769 ἕκαστος
1086 1710 1112 1761 ἐν
1124 1708 1206 1780 μύχγ.
1232 1702 1349 1762 Rectius
1363 1703 1432 1761 alle·

297 1785 488 1860 conjecturam
515 1804 532 1842 a
557 1781 712 1862 Musgravii
739 1782 840 1858 proba·
890 1795 984 1864 gasset
1006 1783 1094 1860 Hipp.
1120 1797 1189 1858 525.
1208 1780 1292 1860 Ἔρως,
1313 1780 1435 1858 Ἐρυςό

297 1879 358 1924 tam
377 1863 491 1922 admisit
509 1862 677 1922 Brunckius.
707 1863 840 1938 Musgra·
889 1869 947 1920 κατ’
961 1866 1077 1936 ὄμμάτινν
1094 1859 1099 1941 Ι
1117 1867 1218 1934 στάζεις
1236 1864 1313 1930 addar,
1328 1868 1435 1937 εἰσάγειν

296 1945 357 2004 vius
380 1944 450 2002 haec
473 1941 560 2000 dixit:
589 1942 683 2017 Neque
706 1948 767 2000 erat
793 1958 842 1998 aar
889 1949 1006 2018 γλυκεῖαν
1023 1938 1029 2022 Ι
1045 1947 1120 2014 ψυχᾷ
1144 1947 1224 2018 χάριν,
1252 1943 1289 2008 sir
1313 1948 1433 2017 ἐπιστρα-

297 2026 435 2083 dabitaret
462 2024 656 2082 Valckenarius
677 2024 713 2078 ad
738 2021 842 2078 Phoea.
891 2025 976 2098 τεύνγ.
1010 2022 1089 2079 Idem
1115 2019 1144 2079 in
1165 2020 1348 2080 annotatione
1366 2020 1434 2080 reti·

301 2103 386 2179 1360.
404 2104 520 2178 [1331·.]
538 2110 609 2160 recte
621 2103 749 2161 aconti.
781 2101 841 2156 Vrd.
893 2101 953 2160 neri
976 2119 1060 2178 posse
1082 2101 1190 2174 Σεμέλης
1216 2112 1322 2169 mouet,
1347 2101 1434 2158 modo

298 2187 380 2246 Ham.
394 2184 429 2238 ll.
441 2191 463 2238 1.
477 2201 503 2238 u.
515 2199 583 2255 310.
606 2183 705 2238 Alcest.
716 2200 741 2236 o.
757 2178 841 2252 1076.
891 2179 1027 2240 scribatur
1046 2179 1139 2252 ἔζευξεν
1158 2186 1259 2254 γύμιυς,
1278 2181 1353 2257 quod
1373 2179 1434 2254 jam

299 2262 415 2338 [1058]
446 2263 508 2335 lpse
525 2263 667 2334 legardam
682 2266 767 2334 palat
787 2256 841 2323 lii·
891 2259 1050 2334 conjecerat
1062 2259 1193 2338 Scaliger,
1206 2273 1255 2318 aut
1267 2264 1368 2332 ἐζεύχθη
1380 2264 1433 2334 γά-

296 2347 372 2406 τεισ’,
396 2343 468 2414 qaod
492 2341 559 2396 mihi
580 2342 659 2396 nimia
680 2339 841 2412 Elliptiaam
889 2365 950 2415 μιις.
984 2339 1161 2420 Musgravius
1177 2335 1360 2398 Aldinamin
1374 2351 1435 2398 tex·

296 2423 412 2479 uidetur.
442 2416 783 2496 ExemplaaMusgravlo
797 2416 839 2474 al·
890 2431 951 2478 tum
964 2419 1111 2488 revocavit,
1125 2419 1155 2476 in
1169 2419 1352 2478 annotatione
1369 2439 1434 2478 vero

297 2499 356 2560 lata
368 2497 438 2556 nihil
451 2500 582 2574 probant,
598 2497 651 2555 nisi
663 2498 736 2554 bene
750 2498 839 2554 Grae·
890 2493 964 2558 hano
989 2499 1155 2577 scripturam
1182 2499 1346 2577 proposuit:
1382 2500 1433 2566 ιύκ,

297 2599 362 2640 oum
373 2597 434 2636 esse
447 2576 562 2648 εἰσέβην-ε
573 2597 623 2654 pru
634 2577 764 2648 εἰσβαίνειν
774 2577 839 2634 iaal-
890 2584 949 2638 ἀλλ’
968 2583 979 2636 i
997 2581 1106 2652 Σεμέλην
1128 2583 1212 2636 ἐνθάδε
1230 2578 1316 2650 ζεύξας
1336 2583 1433 2654 γάμοις.

297 2683 352 2729 aaa,
380 2657 416 2714 de
442 2677 499 2733 quo
533 2675 678 2732 nunquam
705 2653 842 2714 dubitavit
890 2659 958 2717 Hoo
985 2657 1127 2734 adoptavit
1152 2659 1320 2727 Brunokiun
1348 2679 1433 2736 quem

298 2735 507 2805 Valckenarius,
522 2735 571 2812 qui
591 2733 763 2794 hauddubie
783 2755 840 2792 non
891 2736 1015 2816 sequitur
1027 2737 1176 2796 Matthiae.

297 2817 381 2876 aliam
406 2817 443 2874 ab
465 2835 593 2876 caussam
616 2815 710 2892 potius
732 2813 842 2880 ἐξέπεισε
931 2818 1000 2893 469.
1021 2818 1125 2876 Aldus:
1148 2819 1239 2894 τύτερα
1251 2819 1277 2876 δὲ
1295 2823 1382 2892 νύκτινρ
1395 2823 1433 2884 τ’,

297 2916 382 2976 quam
396 2898 512 2968 εἷσέβησε
531 2895 709 2954 scribendum
723 2893 841 2962 censuit,
890 2895 905 2966 ἢ
923 2903 980 2953 κατ’
995 2895 1087 2971 ’ὄμματ’
1101 2901 1260 2972 indumen
1283 2897 1330 2956 Sic
1348 2897 1433 2955 etiam

298 2997 383 3054 quam
402 2976 478 3053 quod
494 2978 631 3051 persuasit
652 2973 753 3034 melius
775 2993 841 3034 seu·
890 2977 948 3036 Pal.
970 2977 1025 3036 nisi
1049 2978 1126 3054 quod
1148 2981 1244 3054 νύκτινρ,
1259 2982 1284 3034 τ’
1304 2977 1319 3048 ἢ
1339 2979 1432 3036 habet.

297 3056 404 3114 tentiae
428 3054 577 3114 convenire
600 3075 685 3132 quam
700 3055 774 3131 fecit
796 3057 840 3110 in·
890 3057 975 3116 Lour.
994 3059 1084 3133 τύτεμι
1103 3058 1129 3115 δὲ
1149 3061 1237 3132 νύκτωρ
1257 3056 1272 3127 ἢ
1293 3063 1351 3116 κατ’
1374 3055 1433 3132 ὄμμ’

297 3138 375 3212 gredi
393 3133 509 3211 putavit.
540 3135 692 3212 Burgesius
706 3135 840 3211 elaippna‘.
889 3139 1037 3211 ἠνάγκασεν.
1078 3137 1231 3196 Barnesius
1256 3137 1271 3208 ἢ
1294 3144 1352 3196 κατ’
1374 3135 1432 3211 ὄμμ’

299 3215 380 3276 Haeo
393 3212 491 3272 omnia
504 3213 573 3270 mihi
586 3213 743 3290 displicent.
768 3213 839 3270 Vul-
888 3219 1029 3290 ἠνάγκασεν
1048 3215 1162 3276 admisit
1180 3237 1214 3274 ex
1238 3216 1435 3277 emendatione

297 3291 839 3378 gataminterpretaturPortus2pieini·
891 3295 1034 3372 Stephani.

299 3375 387 3432 tavit.
402 3371 601 3433 Quaerendum
611 3371 718 3428 videtur
728 3371 840 3448 aliquid,
940 3377 1009 3434 ibid.
1050 3377 1105 3434 Pro
1130 3379 1271 3452 ἠνάγκασεν
1295 3381 1433 3436 Centenis

298 3452 375 3531 quod
398 3454 518 3509 initiavit
540 3449 685 3530 significet.
726 3451 841 3529 Reponi
890 3458 1008 3530 ἐνήγισεν.
1043 3455 1100 3514 Sed
1124 3475 1217 3524 neruo,
1238 3457 1313 3533 quod
1335 3455 1431 3522 sciam,

297 3543 394 3612 posset
411 3535 545 3600 tisanana,
559 3531 594 3590 de
612 3551 668 3608 quo
682 3530 755 3588 adv.
771 3533 840 3607 378.
890 3535 1023 3592 Vetemm
1050 3538 1169 3610 ἐναγίζειν
1194 3534 1321 3594 initiandi
1346 3552 1432 3591 sensu

297 3611 363 3681 dixi,
370 3611 393 3669 si
403 3610 517 3690 propius
524 3612 559 3670 ad
567 3611 838 3682 εύτέβησίοοθύτνει.
889 3613 1089 3693 dixit-Lego
1109 3614 1209 3694 igitur:
1231 3615 1322 3689 τύτεριν
1342 3613 1368 3670 δὲ
1388 3616 1432 3670 νύ-

337 3694 405 3767 468.
427 3692 533 3752 Aldus:
556 3693 605 3760 ιΰκ,
620 3688 716 3756 ἀλλ’ἲς
734 3691 841 3764 Σεμέλης
889 3718 951 3770 κτιιρ
964 3694 978 3765 ἢ
992 3700 1049 3752 κατ’
1063 3693 1121 3770 ὄμμ’
1134 3694 1209 3770 imi
1220 3719 1260 3751 σε.
1281 3695 1430 3752 Muson-

296 3777 375 3829 ἐνθάδ’
389 3769 482 3842 ἔζευξεν
498 3775 595 3846 γύμνις.
629 3770 709 3830 Nihil
728 3783 840 3830 mutant
889 3793 968 3832 vrus.
1009 3775 1073 3834 Nisi
1101 3775 1248 3833 barbarum
1274 3784 1319 3830 est
1343 3771 1430 3848 ἤνωγε,

296 3850 560 3908 Pal.et1aur.nisi
574 3852 648 3928 quod
664 3848 839 3929 Leunipro
888 3853 965 3930 apud
989 3855 1098 3914 Atticos
1125 3865 1200 3910 aarte
1227 3871 1286 3910 non
1320 3851 1431 3932 legitur.

293 3926 318 3994 ὃς
332 3928 425 3984 habet.
446 3929 491 3986 Ex
504 3930 666 4002 conjectura
678 3930 793 3999 librarii,
807 3943 840 3988 ut
887 3933 992 3992 Melior
1018 3946 1061 3992 est
1087 3931 1194 3990 Reiskii
1220 3929 1391 4006 conjectura,
1415 3932 1431 4003 i

295 4006 410 4073 videtur,
425 4005 454 4062 in
477 4009 539 4066 Par.
558 4011 595 4066 G.
617 4010 718 4088 legitur
736 4014 837 4084 γάμους.
887 4018 945 4068 κατ’
958 4009 1023 4086 ἦμάρ
1040 4018 1065 4069 τ’
1079 4013 1184 4086 ἥγνισεν,
1200 4013 1286 4070 modo
1305 4013 1432 4074 deleatur

294 4088 381 4146 MSS.
397 4085 531 4162 Stephani
544 4090 660 4161 σεμέλην,
675 4091 749 4148 unde
763 4091 838 4167 quod
886 4089 985 4148 inutile
998 4109 1164 4167 pronomen.
1192 4091 1366 4171 Burgesius:
1385 4093 1432 4150 τύ·

294 4167 324 4226 in
344 4177 422 4226 textu
435 4164 510 4224 vides
524 4166 590 4226 fecit
604 4170 742 4227 canterus
761 4171 836 4228 Nov.
886 4194 946 4245 τεριι
964 4171 990 4227 δὲ
1003 4177 1090 4248 νύκτωρ
1106 4170 1122 4242 ἢ
1140 4177 1198 4228 κατ’
1211 4169 1271 4247 ὄμμ’
1284 4171 1370 4248 ἤνεγκέ
1389 4195 1430 4230 σε.

294 4245 374 4306 Leot.
388 4247 439 4304 vl.
452 4263 481 4320 3.
508 4246 553 4303 Ita
567 4258 662 4304 noster
674 4248 737 4306 Ion.
754 4269 798 4308 ιο.
812 4249 837 4306 oi
886 4248 960 4308 Mihi
973 4269 1032 4308 aon
1045 4250 1143 4327 liquet.
1178 4251 1236 4310 Hie
1254 4271 1314 4311 non
1335 4253 1431 4311 looum

291 4331 363 4384 παῖδ’
384 4326 514 4402 Ἐρεχθέως
532 4329 617 4396 Φοῖβις
636 4325 730 4396 ἴζευξεν
749 4333 838 4401 γάμοις
886 4330 987 4388 habere
997 4342 1092 4408 potest
1101 4335 1240 4400 ἐθιάσενσε,
1249 4333 1326 4410 quod
1336 4331 1431 4411 paullo

308 4401 378 4485 Ιβύρ
391 4407 521 4482 Κρέουσαν.
541 4403 704 4464 Certissima
714 4405 783 4464 mihi
794 4407 835 4466 vi-
886 4421 1012 4487 antepro
1023 4412 1142 4484 εύτέβκτε
1153 4413 1304 4492 legendum
1312 4410 1431 4486 conjeci.
