3226 5104
279 233 354 314 162
566 236 872 310 ΕΥΡΙΠΙΔΟΥ
907 235 1127 306 BAKXAI.

388 421 507 533 εὔθηρος
526 423 583 517 εἴη,
602 420 722 527 μητρὶς
740 415 906 503 eiecticia
923 420 1065 526 τρίτοις,

388 549 433 629 ’ίτ’
453 550 482 627 ἑν
501 548 657 628 νιοονίοοισι
677 545 846 638 Θηβοοίοις
864 541 945 649 ἑίροοι

391 667 481 778 θηροῖν
500 673 651 776 ὀριγνῷτ’.
680 663 784 747 aaa&
801 662 977 771 θεομαχεῖν
994 669 1086 772 μίνον

106 971 111 982 Β
212 960 215 964 ,
326 906 412 968 1251.
434 893 507 949 Cum
530 900 611 967 optat
630 890 725 967 Agave
738 886 827 946 filium
879 893 980 947 tumit.
1003 888 1107 947 Statim
1120 891 1204 948 verba
1216 909 1268 948 sua
1280 890 1423 972 corrigens

282 971 336 1035 sibi
357 970 468 1031 felicem
489 971 518 1027 in
540 967 688 1027 venatione
701 967 768 1036 fieri,
781 988 828 1026 ra·
878 969 957 1027 addit
966 970 1077 1046 Agave:
1101 971 1142 1027 At
1155 972 1178 1028 ἐν
1190 989 1423 1046 οιοινοιροιοννιυοννο-

282 1053 446 1128 tionemque
470 1047 592 1124 subjicit,
608 1052 673 1124 quta
692 1056 750 1105 tum
768 1067 829 1106 cum
880 1059 939 1106 ννινιο
951 1051 983 1117 tt,
995 1067 1081 1124 neque
1092 1052 1146 1106 ννὶιὶ
1158 1059 1254 1108 contra
1267 1052 1425 1127 deoasortia

274 1133 350 1210 seria
360 1132 576 1205 congrederetur,
587 1126 677 1201 majus
688 1140 740 1195 est,
752 1127 829 1204 quod
879 1137 928 1187 eat.
971 1129 1114 1186 Porscnus
1138 1130 1212 1208 apud
1234 1129 1372 1188 Kiddium
1396 1151 1425 1210 p.

283 1222 401 1290 propter
425 1210 543 1268 alterum
565 1207 678 1286 petitur,
695 1226 780 1284 quam
801 1206 830 1264 id
883 1210 949 1266 226.
964 1211 1081 1284 σύνθηρος.

284 1291 387 1369 ipsum,
409 1288 488 1364 cnjus
509 1307 593 1348 causa
616 1286 741 1365 petitur:
765 1298 830 1344 tan·
875 1296 876 1299 ’
925 1301 1010 1364 1252.
1047 1286 1232 1346 Scribendum
1260 1302 1304 1348 est
1330 1289 1425 1366 potius

285 1390 370 1448 quam
398 1368 522 1428 diceres:
565 1369 678 1425 Uticam
710 1368 831 1442 Lynccos
879 1368 947 1435 θτοιν,
970 1378 1004 1426 ut
1025 1367 1131 1426 habent
1151 1380 1205 1425 vet.
1219 1369 1282 1428 cod.
1323 1371 1448 1447 Neque.

286 1453 378 1508 oculos
406 1450 538 1515 haberem,
568 1455 626 1504 tum
652 1449 723 1504 euim
748 1449 832 1504 solem
881 1446 957 1507 enim
971 1446 1079 1505 dativus
1100 1451 1217 1518 Θηβαίοις
1234 1467 1299 1507 cum
1318 1451 1426 1508 duabus

285 1533 412 1588 viderem.
454 1528 530 1590 Quid
551 1526 638 1606 igitur
656 1527 742 1584 debet
759 1545 829 1592 esse,
881 1526 1135 1606 praepositionibus
1141 1525 1225 1606 jungi
1235 1541 1337 1606 potest.
1352 1531 1427 1588 Sun-

287 1610 363 1688 quod
376 1609 405 1666 in
420 1607 513 1684 aliquo
527 1606 708 1674 desideratur,
721 1604 832 1663 utteris
884 1625 1012 1664 annuus.
1039 1606 1122 1664 Ὅτοιν
1142 1608 1242 1683 ροοθτ’
1257 1615 1282 1665 ἐν
1296 1621 1371 1668 recte
1384 1611 1427 1669 H.

287 1689 423 1746 duntaxat
437 1685 629 1764 aggrediendis
643 1685 762 1743 idoneus
776 1684 831 1742 sit?
883 1687 1044 1763 Stephanus
1064 1705 1099 1744 ex
1118 1686 1204 1744 veteri
1226 1688 1324 1748 codice
1345 1689 1426 1760 resti-

287 1771 410 1846 Nempe‚
422 1767 453 1824 ui
463 1766 553 1833 fallor,
564 1763 710 1822 fortitudo.
724 1766 833 1822 Emen-
881 1766 955 1825 tuit:
978 1785 1032 1824 nec
1045 1765 1121 1825 enim
1142 1765 1223 1824 aliter
1242 1781 1316 1828 stare
1333 1770 1429 1847 potuit

288 1849 408 1907 dabam:
432 1846 480 1904 εἴθε
500 1853 560 1911 nait
580 1846 635 1918 ἐμὸς
652 1841 658 1924 Ι
675 1845 773 1918 εὔθυμος
788 1843 833 1913 ε’ίη,
883 1845 1032 1913 sententia,
1045 1844 1100 1903 nisi
1114 1846 1264 1924 separatim
1275 1855 1300 1906 ἐν
1309 1853 1429 1908 νεανίαισι

289 1931 375 2005 μητρὸς
389 1929 511 2002 είκοισθςὶς
522 1928 622 2000 τρίτοις·
641 1922 647 2004 Ι
663 1919 834 1994 ἧτόἷννοανί-
884 1938 914 1985 et
927 1927 985 1998 ἅμα
1002 1929 1120 1996 Θηβαίοις
1137 1946 1271 1987 sumeres.
1304 1931 1429 1988 Bam.

259 2073 262 2078 ,
289 2034 344 2066 ονισι
359 2010 476 2078 Θηβαίοις
497 2005 555 2078 οἶμοι
572 2001 577 2084 Ι
596 2007 836 2080 θηρῢνθρίγνᾷτ’.-
886 2026 963 2064 stus.
999 2006 1128 2083 syntaxis
1140 2006 1225 2065 scribi
1240 2010 1365 2086 postulat
1378 2031 1430 2090 pro

289 2086 484 2148 Nihilominus
518 2095 656 2162 quantum
691 2084 836 2141 observare
884 2087 920 2143 ὅτ’
934 2092 968 2152 ἐν,
983 2086 1059 2162 quod
1079 2085 1109 2143 in
1127 2087 1265 2146 veteribus
1287 2089 1430 2150 codicibus
1464 2077 1468 2085 ¹

291 2167 381 2247 potui,
397 2168 493 2239 εὔθυμος
512 2183 656 2241 nunquam
679 2162 714 2220 de
735 2173 837 2220 natura
885 2164 1030 2242 reperitur,
1045 2165 1080 2222 ὅτ’
1094 2165 1135 2223 ἄν.
1160 2167 1335 2228 nolumus.
1370 2171 1429 2230 Le·

291 2261 377 2325 atque
388 2246 484 2304 indole
497 2243 614 2319 alicujus
631 2243 687 2301 sive
701 2241 749 2316 ἕξει
764 2241 835 2301 dici·
884 2245 1009 2324 gendum
1030 2241 1069 2314 ἦτ’
1090 2245 1130 2304 ἄν.
1176 2249 1246 2306 Tum
1266 2258 1337 2307 certe
1358 2245 1432 2310 inter

292 2340 346 2393 tur,
357 2327 405 2384 sed
416 2326 452 2384 de
465 2323 635 2403 temporaria
648 2319 835 2400 atqtie'insta·
879 2326 994 2400 ρἰιινοοοο
1009 2327 1237 2404 Thebanosferne
1247 2333 1367 2388 cominus
1379 2351 1431 2406 ag-

292 2407 341 2466 bili
356 2405 443 2462 animi
456 2404 612 2472 affectione,
628 2403 683 2461 ic.
698 2402 734 2461 de
747 2403 836 2476 σχέσει
885 2407 1052 2481 graderetur.
1080 2406 1295 2468 Musonavrus.
1343 2410 1432 2484 Cuius

292 2487 336 2545 vel
359 2485 476 2543 διαθέσει.
517 2482 621 2540 Malim
642 2481 736 2560 igitur,
761 2481 837 2559 quod
887 2484 1077 2559 conjecturam
1110 2487 1226 2546 admisit
1263 2491 1431 2550 Brunckius.

292 2566 336 2626 vix
350 2561 620 2643 longiusavestigiis
634 2561 777 2620 literarum
792 2581 836 2619 re·
887 2565 1028 2624 Matthiae
1055 2566 1090 2623 lr'
1114 2573 1148 2636 ἐν,
1173 2579 1206 2626 ut
1225 2569 1323 2628 Aldus.
1365 2572 1433 2630 Sola

293 2645 376 2714 cadit,
388 2643 491 2717 ἔνθιρος,
503 2642 578 2720 quod
591 2643 678 2700 habet
690 2642 744 2699 hoc
755 2659 839 2699 seusu
888 2644 1061 2704 Barnesinna
1087 2645 1155 2716 ὅταν,
1184 2649 1261 2724 quod
1292 2651 1432 2710 soloecam

294 2726 414 2784 Aristot.
439 2713 540 2781 Polie*
553 2721 619 2781 Lib.
645 2722 727 2779 VIII.
758 2741 783 2779 c.
810 2736 838 2795 7.
889 2724 981 2784 reddit
990 2724 1157 2784 orationem.
1177 2729 1255 2786 Nam
1265 2734 1370 2805 ὄριρνότ’
1381 2751 1433 2810 pro

294 2808 508 2866 Muscnnvrua.
532 2801 710 2881 Musgravius
724 2799 840 2876 conjicit
889 2803 1066 2877 subjunctivo
1079 2806 1168 2884 accipi
1182 2827 1241 2866 non
1253 2829 1336 2887 posse
1349 2831 1433 2870 nenio

295 2888 393 2962 εὔθυμος
405 2884 448 2943 vel
463 2882 568 2958 ἔνθυρος.
610 2883 750 2940 Neutrum
772 2879 839 2938 mihi
889 2884 973 2942 hodie
995 2883 1115 2964 ignorat.
1157 2888 1241 2948 Quod
1269 2889 1376 2948 attinet·
1397 2893 1444 2950 ad.

295 2968 398 3046 placet,
413 2977 442 3023 et
455 2961 629 3023 verisimilius
642 2962 752 3020 videtur
766 2961 839 3038 φιλί-
889 2965 1095 3043 pleonasmum,
1110 2985 1195 3042 quem
1215 2969 1344 3046 uulgatae
1364 2972 1433 3030 scri-

296 3051 369 3123 θηρος,
384 3045 460 3123 quod
480 3043 581 3103 eximie
600 3042 756 3101 sententiae
769 3061 840 3099 con·
889 3057 988 3122 pturae
1011 3044 1102 3103 inesse
1128 3047 1236 3123 putavit
1263 3051 1432 3128 Stephanus,

296 3127 382 3192 venit,
394 3136 423 3182 et
434 3123 515 3182 facile
528 3143 593 3182 cum
608 3124 699 3198 εὔθηρος
711 3141 840 3180 commu·
890 3123 1009 3182 similem
1024 3125 1109 3183 habat
1123 3140 1220 3186 noster
1233 3130 1295 3188 Ion.
1312 3133 1379 3204 716.
1395 3136 1435 3190 l'ra

297 3205 350 3264 tari
363 3203 465 3281 potuit.
486 3205 678 3260 Bauucxrus.
700 3201 756 3263 Qui
771 3221 840 3259 con·
890 3209 997 3277 Βάκχιος
1029 3210 1178 3282 ἀμφιπύρους
1205 3210 1298 3282 ὰυέχυυ
1314 3208 1320 3290 Ι
1336 3217 1435 3280 πεύκας,

292 3283 432 3360 jacturam
454 3301 533 3340 suam
552 3280 580 3338 in
596 3292 703 3338 textum
718 3279 841 3337 admisit.
890 3289 1002 3360 λαιψηρὰ
1027 3289 1095 3357 οηδρθ
1110 3282 1115 3364 Ι
1133 3290 1279 3357 νυκτιπόλοις
1307 3289 1366 3364 οἶμοι
1391 3298 1436 3350 σὺν

297 3362 439 3424 Matthiae
458 3361 598 3454 vulgatam
622 3359 767 3428 revocavit,
792 3360 842 3418 aad
891 3369 1013 3436 Βάκχους.
1044 3363 1147 3424 Latine
1165 3387 1222 3426 οιννο
1235 3389 1295 3427 cnm
1309 3373 1435 3430 Bacchis,

298 3442 516 3522 interpungendi
536 3439 673 3510 rationem
694 3439 734 3497 ita
748 3451 841 3498 muta-
893 3444 949 3502 Sed
963 3444 1020 3518 ἄρον
1029 3464 1094 3502 cum
1109 3449 1181 3523 θηρῶν
1193 3453 1302 3524 oman
1315 3449 1436 3524 conjun.

299 3524 357 3584 vit:
380 3523 429 3581 εἴθε
446 3529 505 3589 ταῖς
524 3522 578 3596 lud<
596 3517 601 3600 Ι
619 3521 708 3596 εὔθηρον
729 3519 773 3590 ἄν,
792 3545 842 3593 μη·
892 3543 957 3604 gere
981 3524 1066 3592 malo,
1086 3538 1118 3584 ut
1141 3527 1235 3588 nullus
1258 3531 1375 3589 omnino
1399 3532 1437 3590 sit

299 3608 352 3683 τρθς
365 3604 487 3670 εἰκασθεὶς
504 3601 595 3678 τρίτοις
611 3596 617 3683 Ι
633 3600 669 3658 ὅτ’
682 3607 708 3658 ἐν
725 3604 843 3658 νεανίαισι
892 3604 1080 3683 pleonasmus.

300 3689 418 3757 Θηβαίοις
439 3683 495 3757 ἅμα
512 3679 518 3762 Ι
536 3686 606 3758 θηρόν
625 3686 739 3758 ὀριγνῷτ’.
779 3681 843 3760 Ego
936 3699 1023 3760 1253.
1054 3685 1142 3745 Aldus
1166 3693 1280 3766 θριγνῢθ,
1306 3693 1382 3770 quod
1405 3692 1437 3750 itt

300 3785 366 3824 vero
380 3783 438 3822 non
452 3764 577 3821 offendor
590 3762 679 3820 verbis
699 3764 788 3838 μητρὸς
807 3767 842 3818 εἰ·
891 3769 996 3840 ὀριγνῷτ’
1007 3777 1083 3824 recte
1093 3769 1213 3828 mutavit
1224 3773 1335 3829 Portus,
1358 3775 1438 3830 con.

300 3846 402 3910 ιιοισθεὶς
419 3844 510 3919 τρόποις
529 3843 564 3899 ad
585 3845 676 3917 εὔθηρος
690 3841 726 3911 εἴη
739 3841 842 3929 νοῑοοίνἶ
891 3845 986 3903 ferunt
999 3845 1165 3925 interpretes
1179 3849 1335 3908 Hesiodum
1348 3853 1453 3920 Scuto,

302 3925 424 4002 Oportet
442 3921 519 3978 enim
541 3921 665 3999 φιλίθηρον
686 3941 746 3978 esse
766 3940 841 3988 eum,
891 3946 917 3982 v.
932 3926 997 4001 189.
1012 3930 1058 3984 ιιοιί
1067 3953 1096 3984 τι
1108 3931 1245 4002 συναΐγδην,
1258 3932 1315 3986 ὡσεὶ
1327 3934 1384 4001 ζωοί
1393 3955 1438 4008 περ

301 4003 348 4080 qui
368 4003 458 4075 εὔθηρος
481 4020 543 4058 esse
562 4001 648 4080 cupit.
689 3999 844 4078 Musgravii
892 4006 977 4073 ἐόντος,
996 4001 1002 4085 Ι
1019 4004 1120 4081 ἔγχεσιν
1135 4011 1171 4076 ἦθ’
1185 4013 1277 4084 ἐλάτης
1289 4014 1439 4083 αὐτοσχεδὸν

300 4080 491 4158 Brunckiique
503 4079 671 4153 conjecturis
686 4080 779 4140 locum
793 4080 843 4138 de·
893 4090 1027 4160 ονριρνῖινιο.
1050 4085 1242 4164 supplendum
1250 4091 1375 4159 ἀλλήλοιν.
1391 4091 1439 4149 Ab

261 4229 266 4235 ,
301 4165 344 4224 dit
363 4161 419 4221 alia
440 4159 596 4239 Musgravii
620 4158 782 4235 conjectura
804 4156 843 4230 ἦτ’
891 4164 1004 4240 θρέριριοι
1023 4165 1055 4222 fit
1074 4170 1211 4241 δριρνόριοιι,
1232 4169 1309 4245 quod
1330 4174 1437 4246 οιιθνριῢ

299 4243 340 4312 ἂν,
361 4243 397 4302 de
417 4261 472 4320 qua
491 4259 566 4298 mox.
599 4239 744 4299 Revocato
763 4238 798 4296 ὅτ’
819 4246 845 4300 ἐν
893 4241 1031 4319 explicant
1051 4245 1236 4323 grammatici.
1274 4249 1434 4327 Harpocra-

301 4343 400 4383 sensus
430 4319 499 4380 erit:
538 4321 649 4377 Utinam
666 4322 746 4395 filius
770 4339 845 4377 meua
893 4321 950 4379 tio:
973 4328 1156 4397 Ὀριρνηθῆνοιιι
1179 4331 1236 4385 ἀντὶ
1253 4339 1295 4388 τοῦ
1317 4335 1434 4402 ἐπιθυμῆ-

300 4405 391 4480 οθθηρος
409 4407 454 4468 alt,
475 4409 509 4459 ut
525 4408 621 4464 mater,
637 4401 740 4474 quoties
759 4418 842 4456 oenc·
892 4426 946 4458 σοιι.
961 4407 1082 4481 Ἀντιφῶν
1091 4411 1116 4463 ἐν
1125 4411 1243 4477 ἀληθείας
1252 4415 1343 4487 οιροίτρ.
1366 4411 1434 4468 Plu-

1594 4517 1598 4608 l
