3194 5102
281 199 305 268 ,Β
688 189 1002 258 ,PRAEFAmo

269 359 406 444 ⁴sinunt
429 359 541 448 enim,
568 371 609 432 ut
629 359 709 454 jam
737 359 873 448 monui,
888 359 927 430 in
950 384 984 430 v.
1002 371 1089 451 754.
1107 355 1204 430 ὁπόσα
1228 354 1251 428 δ’
1272 354 1315 428 ἐπ’
1334 352 1428 450 ὅμως

191 522 194 526 -
281 469 395 558 ἔθεσαν,
421 470 453 542 οὗ
479 473 593 566 δεσμῶν
620 468 685 544 lar.
737 465 810 552 Qui
836 496 958 544 versus
985 471 1024 544 in
1052 470 1255 569 penultima
1282 468 1427 541 fabulae

282 584 415 682 pagina
439 583 591 683 scriptus
615 595 681 672 est,
697 582 827 656 ultima
851 583 1002 657 omnino
1026 609 1139 656 vacua
1162 581 1297 656 relicta.
1347 581 1429 654 Un-

283 693 330 768 de
358 693 556 768 certissime
580 706 732 784 constat,
760 695 899 792 reliqua
926 694 1068 784 omnia,-
1089 721 1182 795 quae
1211 695 1249 772 in
1278 695 1431 792 impres·

284 809 331 882 sis
347 809 526 908 leguntur,
542 810 580 890 in
597 811 668 884 hoc
685 809 808 884 codice
824 835 1011 906 nunquam
1029 809 1220 897 exstitisse,
1237 807 1311 880 sive
1329 805 1428 904 quod

283 919 417 994 librum
451 921 620 995 mutilum
650 921 924 995 describendum
956 921 1123 994 sumserit
1155 906 1331 1008 librarius,
1354 916 1431 989 sive

286 1033 383 1130 quod
401 1033 445 1107 ad
462 1033 684 1108 describendi
701 1034 859 1106 laborem
879 1033 917 1105 in
935 1032 1054 1106 media
1066 1030 1189 1105 fabula
1205 1030 1251 1102 ab
1269 1027 1428 1123 aliquam

286 1177 449 1226 caussam
467 1151 707 1249 interruptum
724 1175 911 1246 nunquam
929 1174 1088 1221 reversus
1106 1146 1162 1219 sit.
1204 1143 1429 1241 Magnopere

247 1334 248 1337 ,
286 1293 371 1338 sane
387 1264 583 1338 dolendum
608 1277 674 1354 est,
690 1265 845 1360 integras
870 1262 1033 1336 Bacchas
1059 1261 1097 1333 in
1120 1259 1243 1332 codice
1269 1258 1431 1330 Lauren-

284 1381 382 1453 tiano
399 1405 473 1453 non
495 1392 643 1452 exstare.
691 1377 791 1450 Nam
816 1377 854 1450 in
880 1377 997 1476 priore
1024 1377 1167 1450 fabulae
1193 1385 1295 1473 parte
1322 1373 1431 1469 longe
1577 1447 1578 1478 p

283 1495 404 1593 plures
429 1495 544 1566 bonae
568 1493 739 1567 lectiones
760 1493 799 1564 in
815 1519 860 1565 eo
877 1517 985 1594 quarn
1012 1491 1049 1563 in
1066 1490 1230 1564 Palatino
1247 1488 1430 1585 reperiun-
1452 1539 1457 1545 -

284 1621 355 1681 tur.
405 1609 651 1682 correctorem
679 1633 804 1707 passus
832 1620 886 1679 est
911 1606 1185 1695 Laurentianus,
1203 1603 1265 1700 qui
1287 1627 1359 1672 non
1385 1625 1430 1672 ex

285 1721 442 1818 ingenio,
457 1733 499 1794 ut
515 1721 606 1793 mihi
623 1721 769 1818 quidem
787 1721 939 1810 videtur,
956 1721 1019 1794 sed
1044 1746 1090 1793 ex
1117 1719 1187 1791 alio
1203 1717 1296 1790 libro
1314 1713 1431 1786 multa

286 1835 451 1924 mutavit,
471 1837 685 1933 plerumque
703 1833 849 1931 quidem
875 1844 982 1921 recte,
999 1831 1179 1903 interdum
1206 1855 1290 1900 vero
1317 1851 1431 1898 secus.

286 1947 406 2019 Prima
423 1946 597 2045 scriptura
614 1947 722 2044 longe
745 1946 894 2044 propius
912 1945 955 2017 ad
973 1943 1125 2018 Palatini
1144 1943 1354 2040 scripturam
1374 1966 1433 2012 ac-

276 2057 382 2130 cedit
398 2082 508 2152 quarn
533 2083 587 2146 ea,
603 2083 696 2154 quae
717 2057 754 2128 in
771 2056 848 2151 ejus
866 2057 988 2129 locum
1005 2057 1161 2154 reposita
1177 2069 1242 2128 est.
1293 2054 1433 2128 Exem-

284 2171 346 2267 pla
362 2169 445 2242 vide
461 2167 506 2239 ad
523 2193 580 2240 vv.
595 2181 654 2238 55.
671 2167 733 2258 67.
751 2181 831 2240 115.
853 2181 934 2242 1³8.
951 2183 1036 2258 407.
1055 2183 1139 2244 421.
1156 2181 1241 2240 430.
1260 2179 1344 2241 soa.

336 2279 372 2354 E
398 2277 640 2352 Laurentiano
666 2279 710 2351 C.
735 2278 884 2355 derivati
914 2295 998 2352 sunt
1028 2280 1290 2354 Laurentianus
1317 2277 1368 2352 D.
1396 2291 1434 2352 et

287 2393 502 2468 Parisienses
516 2391 564 2466 E.
578 2392 624 2464 G.
643 2418 734 2490 quos
752 2391 813 2464 vix
830 2391 868 2464 in
885 2419 1036 2465 numero
1053 2391 1217 2464 codicum
1246 2389 1434 2464 habendos

286 2533 363 2580 esse
380 2532 487 2605 supra
503 2504 639 2578 monui.
690 2504 799 2587 Quod
821 2531 867 2576 ne
884 2507 1018 2577 temere
1037 2503 1201 2578 statuisse
1219 2503 1352 2594 videar,
1370 2503 1435 2578 ali-

282 2622 379 2721 ·quid
395 2621 441 2696 de
458 2619 608 2718 singulis
625 2617 818 2692 dicendum
836 2630 902 2690 est.
967 2704 970 2709 Ι

295 2795 299 2800 .
338 2733 494 2808 LAUR.
512 2731 562 2804 D.
589 2730 663 2803 sive
685 2730 947 2803 Laurentianus
972 2731 1065 2803 Plut.
1081 2729 1230 2803 XXXI.
1250 2743 1280 2800 1.
1298 2729 1343 2800 dc
1361 2753 1435 2824 quo

288 2849 492 2926 Bandinius
515 2847 558 2921 T.
580 2847 682 2944 II.p.
701 2856 761 2936 73.
780 2871 854 2942 seq.
905 2845 1168 2944 Apographum
1195 2857 1250 2918 est
1274 2845 1436 2941 Lauren-

288 2963 377 3036 tiani
399 2963 443 3035 C.
458 2959 746 3034 recentissimum
770 2969 807 3030 et
831 2958 1040 3056 pessimum,
1065 2971 1190 3057 utpote
1217 2960 1262 3031 ab
1287 2957 1437 3029 homine

288 3074 393 3150 valde
419 3073 587 3170 imperito
616 3082 832 3144 exaratum&
881 3069 1027 3144 Desinit
1051 3069 1169 3169 prima
1197 3072 1373 3167 scriptura
1397 3068 1436 3140 in

250 3249 252 3253 .
289 3216 323 3262 v.
337 3200 422 3279 750.
439 3185 519 3266 allas
538 3183 566 3256 τ’
584 3185 716 3282 {properis
733 3183 755 3253 θ’
773 3181 807 3255 ai
823 3191 987 3282 κιθανρῶνος
1010 3186 1108 3267 λέπας
1125 3186 1232 3280 (εἰσ).
1264 3185 1338 3266 Qui
1356 3209 1437 3256 ver-

172 3350 178 3354 ·
292 3325 352 3373 sus
369 3323 483 3396 quum
504 3295 672 3396 paginam
700 3296 844 3394 plenam
863 3297 1005 3388 faceret,
1021 3325 1088 3370 nec
1105 3298 1173 3371 nisi
1191 3309 1345 3395 quatuor
1369 3296 1437 3369 hu·

286 3417 348 3514 jus
368 3415 511 3490 fabulae
526 3439 648 3486 versus
665 3412 703 3484 in
721 3413 917 3511 archetypo
938 3428 1173 3510 superessent,
1190 3439 1250 3484 eos
1275 3410 1436 3510 neglexit

291 3529 418 3618 scriba,
448 3551 515 3599 nec
547 3549 678 3597 novam
710 3524 879 3622 paginam
913 3525 1082 3598 inchoare
1115 3553 1244 3625 operae
1276 3526 1432 3623 pretium

163 3739 167 3746 1
292 3641 407 3717 duxit.
468 3639 598 3738 Longo
625 3650 708 3739 post
737 3649 900 3737 tempore
933 3637 1023 3712 alius
1053 3639 1171 3713 scriba
1199 3639 1359 3712 fabulam
1389 3663 1436 3714 ex

334 3845 346 3872 ⁶
364 3827 411 3893 En
428 3855 517 3912 pauca
531 3835 693 3912 specimina.
721 3835 838 3914 Scripsit
886 3838 936 3912 46.
951 3837 1099 3912 maerin
1112 3855 1164 3913 pro
1176 3837 1334 3910 μεταστήσω
1344 3855 1370 3894 ν.
1381 3854 1432 3912 49.

293 3918 365 3993 Ὑρίας
383 3933 436 3991 pro
448 3917 510 3988 γόοις
522 3915 565 3971 vel
578 3920 648 3988 γνίας
660 3936 685 3974 v.
701 3935 746 3991 13.
760 3921 838 3986 κνανῆ
886 3923 1004 3990 passaw
1017 3935 1069 3994 pro
1082 3921 1226 3989 μαινάσιν.
1237 3931 1284 3992 52.
1296 3917 1433 3991 μετίβαλο

194 4067 196 4074 y
293 4015 346 4074 pro
365 4000 463 4052 κτανεῖν
482 4012 508 4050 v.
526 4011 575 4067 30.
589 3999 664 4052 natea
684 4016 737 4072 pro
750 4001 837 4054 οἰκοῦσι
886 4015 939 4074 pro
958 3997 1098 4069 μετέβαλον
1119 4015 1144 4054 v.
1167 4010 1215 4071 54.
1236 4001 1357 4071 stipam
1378 4015 1433 4074 pro

293 4097 319 4135 v.
334 4092 383 4152 33.
403 4073 618 4148 ἀναμεμιγμώναι
641 4093 692 4150 pro
712 4083 838 4149 ἀνσμεμν·
886 4078 1006 4149 &ymaro
1024 4094 1050 4132 v.
1069 4089 1118 4150 59.
1138 4077 1246 4141 σενθέους
1265 4087 1295 4133 et
1312 4080 1364 4150 ὄρεϊ
1380 4095 1433 4152 pro

289 4157 382 4230 »ypc‘rar
395 4173 421 4211 v·
432 4165 481 4227 37.
496 4153 608 4227 σεμέλνις
626 4173 677 4230 pro
690 4155 796 4227 σεμέλης
808 4165 838 4213 et
887 4154 988 4220 πενθέως
1003 4166 1035 4212 et
1054 4159 1098 4229 δρᾷ
1115 4174 1139 4212 v.
1152 4155 1202 4212 61.
1220 4156 1360 4230 εὒαβνμένα
1380 4173 1434 4232 pro

291 4237 355 4312 οἵπερ
368 4253 420 4312 pro
433 4235 490 4310 ὅπερ
503 4253 529 4290 v.
539 4250 589 4306 41.
603 4235 673 4290 πεθεϊ
687 4253 739 4310 pro
757 4238 842 4292 σενθεῒ
886 4234 1019 4305 εὐαζομένα
1031 4253 1057 4292 v.
1068 4234 1117 4307 671.
1131 4235 1302 4294 ἀνσδῆννσσνν
1315 4253 1367 4314 pro
1381 4235 1432 4294 olel

198 4353 201 4358 -
290 4333 319 4374 .v.
334 4331 383 4393 44.
405 4317 466 4371 τῶδ’
488 4318 557 4386 ἁμῶς
575 4331 627 4392 pro
646 4317 670 4367 τ’
685 4317 791 4387 οὐδαμῶς
809 4333 835 4371 ν.
887 4313 1009 4371 tameo
1022 4333 1047 4370 v.
1061 4329 1107 4388 72.
