3220 5102
291 205 344 288 68
577 210 881 278 ΕΥΡΙΠΙΔΟΥ
916 211 1133 280 ΒΑΚΧΑἹ.

401 392 561 500 περνσσὸν
579 390 678 498 παρόν
695 390 821 493 φωνεῖν.

401 517 436 595 ri
455 513 581 608 πλῆόοε
598 513 645 593 ’ότι
663 549 699 593 τε
717 515 914 620 φαυλότερον

404 638 541 742 ἐνόμισε,
561 635 683 744 χρῆταό
697 670 744 723 τε,

401 756 474 840 cide
493 757 691 864 νονλῖγονμ
711 756 763 837 οἷν.

293 905 368 972 ΘΕ.
404 884 531 975 Betiti,
550 883 732 990 πάρεσμεν,
752 877 838 975 τόνό’
858 880 967 989 Σίγριον
986 887 1186 992 ἠγρευκότες,

406 1013 457 1115 ἐφ’
477 1008 510 1102 ἣν
529 1000 713 1116 ἔπεμψας,
735 1000 802 1085 οὐό’
823 1004 952 1113 ἰόκρανό
973 1009 1181 1116 ὡρμήσαμεν.
1368 1041 1431 1091 435

294 1277 378 1336 verbs
390 1276 492 1330 εόαόοινα
508 1272 590 1341 διαζῆν
609 1265 839 1344 distinguendum
888 1275 915 1324 et
928 1271 1025 1336 utitw,
1041 1271 1091 1325 hoc
1106 1269 1231 1344 projecto
1250 1272 1377 1344 amplecti
1397 1272 1432 1326 li·

295 1366 348 1413 est.
379 1353 465 1410 Hanc
484 1348 622 1407 rationem
639 1345 783 1422 ampiexus
796 1355 840 1401 est
890 1349 941 1404 bct.
978 1348 1056 1405 Idem
1080 1367 1132 1425 pro
1152 1349 1245 1423 λέγοιμ’
1266 1346 1297 1404 ἂν
1319 1347 1434 1422 conjicit

295 1431 445 1493 Matthiae.
468 1429 525 1487 Sed
538 1425 621 1485 metri
631 1443 730 1484 caussa
743 1424 839 1502 legen·
888 1429 1011 1500 δεχοίμαν.
1045 1425 1203 1484 Brunckius
1222 1440 1252 1484 et
1273 1428 1430 1486 Matthiae:

295 1514 363 1572 dum
372 1511 460 1583 σ’όνεχε.
480 1510 585 1566 Versus
594 1504 669 1563 enim
679 1503 840 1581 Glyconeus
888 1507 916 1562 τό
934 1509 1022 1574 πλῆθος
1039 1506 1051 1562 ό
1071 1531 1096 1562 τι
1116 1509 1144 1562 τόν
1164 1506 1311 1583 φαυλότερον
1330 1532 1355 1564 νε.
1368 1531 1394 1563 τ.
1410 1512 1432 1564 i.

296 1604 349 1661 est,
360 1589 406 1649 cui
420 1586 573 1665 respondet
584 1605 610 1642 v.
621 1602 690 1658 411.
705 1588 780 1640 ἐκεῒσ·
791 1581 840 1656 ty«
890 1585 1072 1642 Hermannus
1086 1585 1125 1642 its
1137 1584 1300 1663 distinguit:
1323 1588 1351 1642 τό
1366 1589 1432 1655 πλῆ-

295 1697 338 1745 με,
352 1670 449 1746 Βρόμιε,
464 1667 560 1743 Βρόμιε.
595 1665 778 1721 Hermanntts
798 1662 839 1717 Ε·
890 1668 935 1730 θος,
956 1664 994 1720 ότι
1012 1665 1160 1740 φαυλότερον
1184 1665 1289 1738 ἐνόμισε,
1313 1661 1433 1740 xviim.

295 1752 362 1808 lem.
376 1749 476 1806 Doctr.
490 1747 578 1804 Metr.
597 1763 626 1822 p.
638 1757 707 1818 547.
721 1739 840 1799 totidem
889 1743 943 1800 τόδε
956 1767 993 1799 τοι
1005 1744 1099 1818 λέγοιμ’
1113 1743 1154 1801 όν.
1189 1744 1223 1802 Id
1243 1755 1295 1811 est,
1311 1743 1373 1821 ipso
1386 1743 1433 1800 in-

295 1827 383 1888 literis
397 1824 529 1900 conjicit:
553 1827 635 1901 σοφὰν
648 1826 668 1880 δ’
682 1821 762 1892 ἄνεχε
774 1843 839 1895 σμι-
890 1833 1029 1899 terprete:
1051 1826 1159 1897 vulgus,
1174 1826 1246 1899 quod
1258 1826 1377 1880 deterius
1389 1826 1432 1881 oi-

295 1912 359 1966 τόδα
371 1907 448 1984 φρόνα
460 1929 489 1961 τε
507 1900 513 1982 Ι
529 1908 648 1978 ονερισσόόν
660 1904 728 1977 παρὰ
744 1905 840 1976 detrit-
890 1904 943 1969 det,
958 1905 1047 1959 utimr
1056 1926 1066 1958 :
1089 1905 1155 1959 haee
1164 1921 1225 1960 mea
1238 1905 1370 1960 mentia
1383 1910 1433 1960 est.

296 1989 378 2050 Quse
390 1985 473 2042 verba
490 1983 531 2040 ite
548 1980 684 2058 explicat:
707 1997 770 2035 arce
783 1997 801 2034 a
816 1986 842 2034 te
873 1980 963 2038 'Mihi
990 1980 1079 2060 inagis
1112 1982 1215 2039 arn'det
1241 1981 1357 2040 Heathii
1384 1994 1434 2040 aut

296 2069 444 2142 cupienten
471 2081 490 2119 a
516 2063 581 2118 ciris
608 2062 720 2117 nimium
745 2060 842 2114 severit
889 2060 1042 2138 Musgravii
1052 2060 1252 2139 interpretatio,
1264 2081 1320 2138 qus
1329 2060 1433 2119 admis-

297 2145 510 2206 commendatam
522 2141 701 2197 sobrietatem.
733 2136 763 2193 Si
776 2155 840 2194 sen·
890 2159 929 2207 sa,
945 2140 1017 2197 nihil
1037 2160 1108 2218 opus
1128 2152 1161 2198 ut
1179 2152 1303 2200 mutetur
1321 2141 1435 2218 vulgata

297 2244 344 2282 sus
358 2234 411 2290 est,
426 2224 657 2279 abstimmentem
670 2220 842 2290 animumque
890 2219 1034 2297 scriptura.
1068 2220 1156 2278 Plena
1175 2221 1250 2278 enirn
1267 2220 1356 2278 oratio
1370 2233 1431 2278 est:

296 2323 314 2362 a
326 2305 475 2360 tamarid
485 2301 551 2356 viris
555 2325 565 2366 ,·
578 2298 622 2355 vel
632 2295 736 2374 potiuS,
749 2299 842 2352 avitis
889 2300 919 2355 τό
937 2303 1025 2369 πλῆθος
1044 2299 1082 2356 ’ότι
1105 2325 1135 2356 τε
1157 2300 1304 2376 φαυλότερον
1326 2299 1433 2374 ἐνόμισε,

296 2385 409 2440 nimium
427 2379 600 2453 sapientibus,
620 2395 685 2433 cum
705 2373 841 2448 adjectivo
888 2378 935 2450 ότρι
955 2403 984 2435 τε
1004 2381 1102 2454 χρῆται,
1125 2379 1180 2436 τόδε
1197 2403 1235 2436 τον
1255 2379 1354 2455 ἄριστον
1373 2375 1434 2436 εἶναι

296 2465 378 2538 σοφὰν
385 2458 482 2516 confer
492 2454 590 2533 tragici
601 2451 732 2539 nostratis
740 2454 838 2511 verba:
889 2457 983 2531 λέγοιμ’
997 2458 1036 2514 όν.
1071 2458 1218 2534 Φαυλότερον
1238 2478 1289 2535 pro
1303 2457 1434 2516 adverbio

297 2544 335 2598 let
347 2546 398 2596 not
412 2539 459 2612 thy
473 2539 585 2592 discreet
599 2535 679 2591 heart
692 2534 770 2589 think
783 2536 813 2589 it.
887 2535 1006 2613 'accipio
1028 2549 1057 2594 et
1076 2556 1141 2594 cum
1163 2538 1260 2611 ἐνόμισε
1281 2543 1433 2616 oonJungo,

278 2619 280 2622 ⁵
337 2636 405 2695 429.
427 2617 460 2675 F.
473 2617 531 2672 όνννό.
559 2620 592 2670 Oi
604 2615 713 2688 περισσοὶ
726 2610 771 2669 hic
786 2610 841 2669 loci
890 2626 922 2672 ut
934 2617 963 2672 τό
976 2620 1063 2686 πλῆθος
1075 2616 1112 2674 ότι
1126 2618 1273 2693 φαυλότερον
1285 2617 1380 2692 ἐνόμισε
1398 2617 1435 2675 sit

296 2710 363 2757 sunt
376 2699 456 2756 nimia
469 2697 563 2770 arguti
576 2701 603 2751 et
615 2694 756 2768 sementes.
788 2691 840 2749 Se·
891 2697 1006 2752 crassior
1029 2704 1056 2753 et
1079 2699 1175 2754 rudior
1193 2699 1270 2771 vulgi
1291 2700 1435 2756 sententie.

296 2775 411 2857 quentia
436 2796 496 2833 non
518 2772 654 2852 intelligo,
678 2789 770 2848 neque
793 2770 841 2848 qui
890 2778 984 2850 Χρόνον
1010 2794 1108 2832 eorum
1134 2774 1260 2834 actiones
1287 2775 1435 2855 significat.

297 2856 668 2936 differantepiietnpanitte.
680 2851 842 2914 Rursxrus.
891 2855 996 2912 Sensus
1017 2853 1102 2933 igitur
1122 2866 1182 2914 est:
1207 2858 1318 2914 Rectius
1338 2860 1372 2916 de
1394 2859 1436 2914 his

297 2939 438 2997 Differunt
460 2937 522 3014 φρὴν
541 2946 571 2992 et
593 2934 711 3010 σρααόδες
731 2931 788 2990 fere
810 2941 842 2988 ut
891 2936 969 2991 rebus
981 2938 1079 2992 sentire
1094 2943 1122 2993 et
1142 2955 1223 3010 ogere
1242 2937 1310 2994 mhi
1329 2939 1436 2996 ridetur

296 3019 379 3090 ἥψατο
389 3028 419 3075 et
429 3013 496 3089 ἔθιγε
508 3034 533 3072 υ.
544 3014 612 3088 617.
633 3010 693 3070 Ubi
705 3009 765 3069 vide
779 3011 840 3089 plu·
890 3016 988 3088 oulgm
1001 3034 1083 3089 quam
1092 3016 1256 3091 philosophi.

297 3117 336 3155 ra.
356 3096 416 3154 Ἀνιό
430 3113 481 3172 pro
494 3089 722 3170 eaptaReiskio
736 3110 840 3170 propo·
931 3112 1000 3168 432.
1021 3095 1143 3169 Ἐνόμισε.
1179 3095 1225 3154 Sic
1244 3107 1319 3156 recte
1336 3096 1434 3164 Aldus,

204 3207 206 3214 ·
297 3175 382 3234 situm
392 3172 454 3248 jam
468 3171 588 3230 vidimus
601 3192 626 3229 ν.
642 3171 707 3228 118.
891 3173 1131 3233 consentientibus
1139 3177 1277 3236 ambobus
1284 3175 1433 3236 codicibus.

337 3273 406 3330 430.
439 3253 485 3308 Ita
507 3249 655 3328 distinguit
680 3248 786 3306 Aldus:
812 3251 841 3306 τό
892 3253 977 3311 Prave
1005 3256 1144 3312 Canterus
1169 3267 1218 3313 aut
1251 3255 1346 3317 neseio
1372 3255 1434 3333 quis

296 3337 384 3404 πλῆθος
407 3329 445 3389 ότι
463 3327 468 3410 Ι
485 3355 515 3388 τε
547 3328 695 3407 φαυλότερον
712 3324 717 3407 Ι
735 3327 839 3401 ἐνόμισε,
891 3331 960 3389 alius
980 3336 1096 3406 ἐνόμισσε
1116 3333 1230 3402 invexit,
1252 3348 1387 3412 tanquam
1411 3333 1435 3392 si

296 3407 533 3548 χόῑτοότεΙτόδε
550 3433 586 3466 τοι
605 3408 698 3482 λέγοιμ’
712 3405 752 3462 ἄν.
781 3407 841 3466 Pul.
890 3409 918 3470 in
931 3409 1057 3485 jambico
1076 3432 1155 3471 versu
1177 3434 1226 3492 pes
1247 3414 1354 3491 primus
1375 3433 1434 3472 nou

296 3498 324 3553 τό
344 3497 433 3564 πλῆθος
478 3515 529 3566 νννερ
549 3487 696 3567 φαυλότερον
712 3483 718 3566 Ι
736 3486 841 3561 ἐνόμισε.
891 3508 978 3567 aeque
997 3492 1069 3548 bene
1086 3492 1240 3571 tribrachys
1260 3512 1292 3550 ac
1312 3510 1433 3567 anapae-

296 3577 386 3652 χρῆτοι
409 3577 432 3629 τ’
453 3578 478 3630 ἐν
498 3573 559 3628 τῶδε
579 3569 694 3643 λεροόμην
713 3565 753 3623 όν.
795 3565 841 3623 Sic
891 3581 950 3627 stus
958 3585 1130 3648 esseposset.
1145 3575 1332 3630 Bounomos
1347 3572 1435 3628 Corn·

298 3654 383 3714 etiam
394 3648 608 3728 Leunaprima
618 3666 712 3704 manu.
733 3645 840 3724 Vulga-
892 3647 1050 3717 meliniana,
1092 3664 1208 3728 utraque
1249 3646 1433 3718 Genevensis,

297 3747 355 3791 tam
368 3728 744 3808 itninterpreteturPortus:
763 3727 842 3791 Quod
890 3728 1087 3807 Musgraviana
1110 3743 1139 3789 et
1165 3728 1359 3788 Schacferiana
1381 3729 1433 3786 tri·

297 3821 389 3870 cutem
402 3814 500 3885 vulgus
519 3818 546 3866 et
562 3811 680 3867 detenet
696 3810 840 3873 memor,
890 3834 978 3882 μισσε.
999 3811 1116 3868 Ceterae
1128 3827 1235 3875 omnes,
1245 3806 1347 3884 quibus
1357 3819 1433 3877 utor,

297 3900 325 3949 et
338 3909 390 3967 quo
403 3893 500 3954 utitur,
512 3890 643 3965 quodque
654 3885 778 3945 moribus
791 3888 842 3944 ha·
891 3888 987 3961 ἐνόμισε
1005 3890 1119 3956 habent,
1133 3907 1223 3963 neque
1241 3887 1277 3944 de
1297 3886 1435 3946 industria

297 3973 347 4030 bet
367 3979 520 4045 receptum,
532 3967 586 4024 hoc
602 3967 725 4042 profecto
744 3969 840 4022 dicam.
891 3968 1054 4044 scripturam
1069 3978 1192 4024 mutasse
1202 3966 1311 4024 videtur
1321 3967 1433 4026 Portus.

297 4041 399 4128 Longe
411 4045 676 4105 meliusHeathius:
696 4047 841 4111 Quotcun-
939 4063 1009 4119 435.
1038 4046 1162 4120 Ἀκρανό,
1180 4045 1303 4120 smine.
1349 4048 1433 4104 Bao·

298 4129 571 4213 quehumitevclgus
584 4127 702 4182 instituit
716 4127 839 4200 etsequi·
890 4142 997 4181 ninus.
1038 4124 1127 4182 Aldus
1146 4128 1191 4182 οὐδ’
1211 4124 1332 4201 ἄκρανθ’
1353 4127 1432 4202 ὀρρό-

299 4223 353 4280 tur,
368 4213 398 4271 td
413 4205 537 4284 profecto
557 4223 607 4279 ego
625 4207 767 4262 dicendum
780 4223 839 4261 cen·
889 4227 969 4278 σαμεν
983 4222 1008 4260 v.
1018 4222 1058 4278 43
1060 4218 1088 4279 5.
1107 4207 1152 4260 atr
1165 4202 1242 4281 ἄκραν
1259 4211 1283 4262 τ’
1296 4207 1434 4280 ἡκοόσιιμεν

298 4313 380 4353 reem.
420 4285 513 4366 Magis
533 4285 568 4342 ad
585 4283 694 4341 literam
707 4286 839 4362 Musgra-
889 4301 1015 4358 ν.1οο9.
1036 4288 1081 4341 ott
1095 4282 1172 4359 depae
1191 4289 1215 4342 τ’
1229 4287 1351 4354 isdem
1368 4285 1433 4364 Iph.

297 4373 375 4432 vius:
399 4381 426 4429 et
440 4370 511 4446 quod
523 4367 620 4440 oulgm
635 4371 714 4420 tenue
730 4365 840 4438 probat,
888 4363 923 4420 T.
933 4363 1059 4438 520.sed
1069 4362 1170 4440 ἄκραντ’
1178 4367 1245 4443 itin
1255 4365 1354 4444 Suppl.
1365 4380 1433 4442 770.

544 4758 1214 5076 rm
