3226 5104
344 180 422 271 176
632 194 938 268 ΕΥΡΙΠΙΔΟΥ
973 197 1192 270 ΒΑΚΧΑῙ.

453 378 512 451 καὶ
532 370 602 459 οἶος
620 368 791 482 ε’ῶακρῶοοο
812 373 1031 477 κασιγνήτας.

339 512 409 578 ΑΓ.
451 497 584 588 horreis,
603 492 711 582 dende
728 494 815 592 rird'
837 501 968 586 αἴκειαν

450 623 606 710 Διὸνυοος
622 622 711 728 dra}

448 749 555 836 irrisa
573 749 652 836 οοῶς
671 759 717 836 εἷς
736 752 842 838 οἴκους
861 752 963 860 ἔφερε.

338 888 400 952 ΔΙ.
447 880 516 952 Καὶ
537 871 606 980 γαρ
626 873 780 970 ἔπασχον
800 869 890 954 decrit
908 874 990 982 apic
1009 873 1107 979 ὑμῶν,

446 998 630 1104 οὶγέραοτον
651 1001 733 1098 ἔχων
753 1002 835 1106 ῶνορί
854 1002 883 1082 ἓν
902 1000 1052 1094 Θήβαις.

336 1140 406 1205 ΑΓ.
447 1130 548 1232 Χαῖρε
567 1124 674 1235 καίτερ
692 1163 761 1233 μοι.
821 1143 896 1207 ΚΑ.
928 1131 1035 1235 Χαῖρ’,
1054 1122 1082 1207 ui
1098 1123 1212 1232 ρἰελὲα

446 1247 596 1355 θύγατερ.
616 1248 787 1346 χαλεπῶς
806 1245 839 1328 d
861 1259 907 1336 εἰς
924 1246 996 1330 rdd’
1017 1247 1058 1330 eir
1076 1250 1177 1344 ἥκοις.

334 1387 404 1453 ΑΓ.
437 1371 555 1474 'snper’
577 1368 759 1478 oiarparoi
773 1409 832 1480 ροε,
853 1375 1063 1476 κασιγνήτας

335 1669 454 1710 uastos.
482 1649 530 1708 Sic
542 1651 707 1727 Xenophon
722 1650 878 1729 Cyropaed.
930 1651 1104 1708 Hanamus.
1140 1649 1302 1708 Delendum
1324 1654 1382 1726 γὰρ,
1403 1653 1480 1728 quod

334 1730 400 1788 Lib.
416 1731 466 1788 VI.
481 1732 533 1788 sub
557 1729 655 1788 initio:
678 1729 728 1787 ὅσον
749 1755 779 1788 τε
799 1733 880 1797 ἵππους
930 1741 1052 1788 metrum
1066 1728 1229 1806 corrumpit
1265 1734 1349 1797 Αῑκίας
1372 1745 1479 1800 autem,

333 1811 521 1886 ῶπεοτέρηντοιι.
552 1812 766 1870 Musoasvros.
809 1811 879 1868 Non
929 1810 1005 1887 quod
1013 1810 1085 1867 valet
1095 1814 1202 1876 ἀεικείας
1218 1811 1343 1882 (Dawes.
1353 1810 1478 1871 Miscell.

333 1904 399 1969 eget
424 1890 559 1968 exemplis
593 1891 663 1948 haec
696 1889 877 1948 constructio.
929 1889 999 1948 Crit.
1014 1910 1041 1967 p.
1058 1893 1153 1964 317.),
1169 1888 1356 1966 penultimam
1372 1892 1478 1968 produ·

334 1971 390 2030 Sed
404 1969 511 2048 optime
530 1970 682 2048 Burgesius
703 1971 817 2043 οτένορέν
837 1995 879 2038 σε,
928 1969 977 2028 cit.
992 1971 1206 2028 Musoaavrus.
1230 1969 1479 2035 Delendumforte

289 2091 291 2098 ·
332 2051 386 2110 nisi
407 2052 483 2129 quod
503 2051 580 2108 nulla
604 2070 703 2108 caussa
726 2061 794 2118 erat,
808 2049 877 2126 quin
927 2054 1008 2117 τάνδ’,
1021 2048 1267 2112 εινο1111οῶὶιὶηο
1287 2051 1413 2110 secundo
1434 2052 1477 2110 le·
1542 2073 1545 2078 ¹

331 2131 425 2208 potius
439 2132 519 2188 daret
532 2132 653 2204 στένομαί
663 2156 702 2189 σε.
723 2129 878 2208 Aeschylus
900 2193 902 2200 Α
927 2130 1070 2208 gendum:
1092 2135 1146 2195 τοὺς
1165 2134 1219 2196 σοὺς
1235 2133 1303 2187 τάνδ’
1318 2130 1426 2208 εἶσέφερ’
1440 2131 1477 2192 d‘-

330 2213 422 2270 Theb.
439 2213 507 2286 870.
528 2215 614 2277 κλαίω,
632 2211 759 2284 στένομαι,
774 2213 816 2266 καὶ
837 2211 876 2267 dd·
927 2235 986 2276 κους.
1022 2212 1104 2267 IDEM
1123 2208 1153 2266 ln
1175 2209 1389 2287 supplemento.
1414 2212 1477 2270 Pal.

331 2301 371 2357 λος
383 2293 454 2356 οὐδεὶς
471 2289 476 2370 Ι
493 2293 528 2364 μὴ
541 2298 565 2348 ’κ
574 2293 656 2368 φρενῶς
668 2293 877 2366 ὄρθῶςμελνγαί-
927 2293 1004 2356 δεινῶς
1023 2295 1072 2364 γὰρ
1091 2293 1158 2347 τῶνδ’
1173 2295 1266 2347 αἰκίαν.
1300 2291 1407 2348 Versus
1420 2289 1475 2370 igl-

330 2395 384 2428 νειν.
421 2370 619 2447 Compositum
640 2372 826 2444 μεταοτένομαι
842 2391 876 2427 u·
927 2382 973 2426 tur
986 2369 1016 2426 in
1030 2368 1132 2427 Aldina
1148 2367 1227 2441 justo
1248 2369 1428 2448 longior-est,
1445 2371 1476 2430 in

330 2449 454 2526 stirpavit
467 2461 564 2506 noster
575 2450 654 2506 Med.
667 2450 735 2524 996.
926 2450 986 2507 Pal.
997 2448 1076 2522 justo
1090 2449 1206 2507 brevior.
1230 2451 1275 2508 Ex
1288 2449 1374 2527 priori
1388 2453 1474 2510 Mus-

371 2531 442 2588 lbid.
458 2529 559 2603 [Aldus
567 2529 637 2602 κάγὼ
645 2530 747 2603 τέκνα]
760 2529 875 2607 Legen-
927 2528 1011 2608 gravii
1045 2528 1208 2603 conjectura
1240 2533 1288 2604 γὰρ
1315 2529 1476 2590 omiserunt

330 2609 398 2666 dum
412 2621 491 2688 puto,
506 2613 576 2682 κῲγῶ
590 2633 629 2675 σε,
643 2609 734 2675 τέκνον,
749 2628 875 2667 necver·
926 2609 1085 2667 Brunclrius
1108 2621 1138 2666 et
1164 2609 1312 2667 Matthiae.
1361 2611 1475 2672 Quibus

329 2689 373 2750 sui
388 2689 510 2748 nocebit.
525 2691 711 2746 Bnaussws.
735 2688 781 2746 Sic
790 2687 875 2746 etiam
927 2688 1073 2746 assentior.
1109 2691 1166 2746 Pro
1180 2693 1262 2746 αἰκίαν
1276 2709 1340 2748 vero
1360 2693 1474 2768 reposui

328 2769 472 2838 Reiskius‚
497 2768 675 2847 Musgravius
701 2767 730 2826 iu
755 2780 875 2826 annota-
925 2767 1029 2826 aleretur.
1063 2769 1110 2826 De
1128 2788 1184 2844 qua
1204 2768 1341 2847 scriptura
1353 2769 1416 2830 vide
1438 2774 1475 2831 ad

329 2849 417 2919 tione,
426 2849 584 2908 Brunclrius
592 2862 622 2908 et
631 2847 782 2906 Matthiae.
800 2851 874 2906 Bar·
926 2847 1075 2926 Sophoclis
1089 2848 1161 2906 Oed.
1172 2850 1235 2907 Col.
1248 2851 1315 2924 748.

329 2931 424 2990 nesius
441 2933 524 2990 verba
537 2932 806 2988 acccersuinoeebit
823 2930 874 2987 ad·
970 2945 1055 3004 1373.
1085 2928 1175 2987 Aldus
1196 2927 1276 3006 ἔφερε.
1320 2931 1473 3001 Heathius,

329 3011 401 3070 didit
422 3025 537 3089 propter
555 3012 644 3078 τέκνον,
660 3011 736 3086 quod
751 3009 874 3087 priorem
923 3009 1083 3068 Brunckius
1097 3021 1127 3066 et
1140 3009 1280 3067 Matthiae
1294 3008 1386 3086 ἔφερεν.
1409 3014 1473 3070 De·

328 3111 510 3149 communem
530 3092 633 3149 habere
656 3090 739 3147 toties
765 3102 873 3158 monet,
923 3109 985 3148 esse
999 3089 1107 3146 videtur
1120 3090 1235 3166 syllaba,
1250 3102 1319 3168 puta
1332 3095 1413 3148 τούσδ’
1429 3093 1473 3150 in-

327 3181 360 3227 ut
373 3170 516 3228 fastidium
530 3169 688 3247 legentibus
702 3182 821 3227 moveat.
923 3180 967 3227 ter
981 3176 1012 3236 εἰς
1026 3181 1055 3227 et
1069 3168 1149 3235 οἴκοις.
1437 3214 1445 3236 ς

372 3266 458 3324 1370.
501 3251 668 3322 Καοιγνήτους
701 3249 803 3315 Attice,
831 3250 874 3308 vel
968 3265 1052 3324 1375.
1075 3250 1163 3306 Aldus
1177 3251 1296 3324 ὰγέρατον
1315 3247 1377 3322 ἔχων
1397 3250 1471 3327 ῶνορί,

327 3331 482 3404 κασιγνήτας
501 3329 573 3407 lege,
587 3341 621 3386 ut
633 3348 657 3384 v.
677 3329 763 3404 1369.
791 3331 873 3386 Baa—
923 3330 999 3404 quod
1033 3328 1120 3386 tacite
1153 3329 1273 3388 correxit
1307 3332 1471 3391 Bamesius.

328 3429 447 3469 Nessus.
487 3410 566 3467 Male
593 3406 676 3486 vulgo
705 3409 872 3481 κασιγνήτους,
923 3407 1277 3486 Ρο1.ἀογέρατονῶνορκ’ἒ’χων.

327 3491 404 3567 quod
437 3489 555 3548 omnino
590 3486 734 3546 emendari
767 3488 873 3546 debuit.
968 3490 1052 3564 1376.
1074 3488 1134 3545 Pal.
1150 3497 1215 3566 χαῖρ’
1232 3483 1313 3564 ῶῐέρ
1325 3515 1375 3564 ραι.
1397 3493 1472 3552 Vide

326 3571 520 3629 Bauscsrus.
557 3568 614 3631 Qui
629 3568 734 3646 primus
748 3568 874 3644 reposuit
923 3570 960 3626 ad
974 3590 998 3626 v.
1015 3570 1099 3643 1365.

326 3653 488 3725 κασιγνήτας.
529 3649 621 3709 Simili
645 3668 738 3706 errore
761 3649 820 3706 Pal.
845 3669 871 3706 r.
967 3665 1052 3724 1377.
1074 3648 1162 3706 Aldus
1175 3655 1242 3724 χαῖρ’
1257 3643 1275 3705 d
1287 3651 1368 3723 ρκλέα
1381 3656 1425 3708 καὶ
1439 3658 1473 3710 σι’

330 3733 415 3790 1188.
431 3737 463 3788 ου’
475 3757 510 3788 νιν
522 3732 648 3797 κατέκτας
668 3731 711 3786 καὶ
730 3732 873 3803 κασίγνητοι
921 3753 952 3802 γε
965 3734 1080 3805 θύγατερ,
1100 3725 1105 3807 Ι
1122 3737 1237 3801 χαλεπῶς
1249 3735 1282 3796 εἷς
1295 3730 1343 3787 τῶδ’
1353 3729 1385 3788 ῶν
1398 3734 1471 3802 ἥκοις.

326 3813 406 3868 σέθεν.
440 3812 530 3869 Aldus
550 3811 635 3876 etiam
652 3811 715 3886 Iph.
730 3811 766 3866 Τ.
786 3826 871 3885 1473.
921 3809 989 3867 Tria
1002 3810 1084 3866 verba
1097 3811 1141 3866 mi
1155 3812 1188 3866 σύ
1205 3835 1237 3884 γε
1255 3810 1359 3868 absunt
1377 3813 1471 3872 aPal.

326 3896 385 3948 ἀλλ’
400 3893 522 3964 ἐκκομίζου
535 3893 581 3960 σὴν
593 3894 739 3964 κασίγνητον
751 3890 840 3962 χθονός.
921 3909 973 3947 nec
989 3889 1041 3946 nisi
1056 3889 1139 3948 metri
1152 3909 1251 3947 caussa
1262 3889 1358 3948 addita
1371 3891 1471 3952 vlden-

371 3984 457 4044 1371.
491 3971 608 4044 [Aldusz
631 3974 708 4037 δεινῶς
725 3974 774 4044 γὰρ
795 3973 872 4036 δεινῶς
921 3982 976 4037 tur,
1001 3981 1034 4027 ut
1057 3975 1091 4027 od
1115 3995 1146 4044 γε
1172 3970 1286 4028 Heracl.
1311 3971 1381 4028 628.
1429 3973 1471 4032 Ils

326 4055 394 4110 τάνδ’
418 4051 524 4124 κακίονα]
572 4051 606 4106 Τὸ
633 4054 716 4108 αἰκίαν
742 4048 872 4107 ultimam
921 4049 1042 4118 omissis,
1059 4061 1222 4126 mutataque
1244 4069 1374 4109 versuum
1396 4052 1471 4112 divi-

328 4142 429 4188 natura
441 4129 578 4207 producit,
594 4128 703 4188 etiamsi
717 4149 810 4187 versus
824 4128 872 4206 qui
921 4129 1009 4197 sione,
1022 4129 1119 4187 omnia
1132 4142 1207 4187 recte
1220 4131 1386 4206 procedunt.

327 4211 453 4287 proxime
473 4209 606 4286 sequitur,
629 4229 790 4267 aconsona
813 4230 871 4267 non
966 4225 1051 4284 1379.
1082 4217 1202 4274 Χαλεπῶς
1228 4215 1247 4266 δ’
1273 4217 1306 4277 εἰς
1329 4213 1392 4269 ro'b':
1422 4219 1471 4272 sed
1556 4245 1557 4248 ¹

326 4291 469 4368 inciperet.
492 4291 534 4349 Ut
548 4300 639 4347 metro
653 4289 737 4368 igitur
748 4289 871 4347 succurri
921 4291 1068 4366 dffmlter
1095 4307 1126 4344 eo
1152 4294 1315 4364 perveneris,
1342 4301 1375 4349 ut
1404 4295 1471 4352 heae
1556 4337 1557 4344 ,

327 4369 424 4446 possit,
452 4369 678 4430 substituendum
702 4380 772 4447 puto
796 4369 870 4428 ἄταν.
921 4371 1015 4426 volem
1025 4377 1052 4427 et
1060 4371 1190 4442 ςοκῶεοο.
1205 4370 1366 4430 Rarsrms.
1381 4375 1470 4432 Clau·
1556 4431 1557 4460 ff
