3220 5102
321 185 375 264 62
611 195 914 264 ΕΥΡΙΠΙΔΟΥ
949 191 1166 266 ΒΑΚΧΑΙ.

429 378 507 457 ὁσία
525 371 573 465 d’,
593 372 620 456 οῗ
639 371 732 456 κατα
752 379 841 477 1γιῖν
1015 417 1018 424 ’
1118 403 1184 462 ists

426 495 554 604 χρίαεα
570 495 728 606 σκῆπτρα
745 494 862 605 φέρεις,

318 689 458 762 Reiskius,
472 690 609 750 Nemesin
623 691 718 751 nescio
732 691 794 770 quis
810 713 861 754 an·
912 685 1010 750 ίοοάαι
1020 693 1211 767 leguntrirra,
1223 712 1293 768 quae
1302 712 1353 752 οοα
1362 712 1459 752 scenae

317 771 397 849 tiqua
414 792 501 830 manu
521 771 551 830 in
571 772 699 850 exemplo
721 772 860 851 Herragi·
906 791 1020 848 prorstu
1039 776 1135 847 ignoto
1155 781 1204 831 est.
1239 775 1308 831 Non
1330 772 1371 831 ibi
1391 773 1455 850 qui·

317 871 389 910 anae
409 851 525 929 primae,
549 851 626 928 quod
652 851 726 929 apud
753 871 805 910 nos
831 852 861 924 in
910 852 985 920 dem,
1000 853 1049 910 sed
1063 854 1205 927 Ion.457.
1220 864 1296 911 recte
1308 852 1363 932 legi
1377 851 1457 910 ride·

318 931 488 990 bibliotheca
499 929 656 988 Bodleiana
669 942 801 989 servatur.
830 930 861 988 Si
909 942 957 988 tur
979 924 1094 989 ιίσόσυα
1113 934 1191 990 Νίκα.
1231 933 1333 1008 Neque
1353 932 1401 990 diu
1424 932 1456 992 in

317 1022 393 1069 reete
414 1030 445 1068 se
464 1011 550 1068 habet
565 1014 635 1068 κατὰ
651 1017 708 1084 ραι,
723 1013 784 1080 Δίκη
804 1009 862 1068 sive
905 1009 1024 1088 juvenili
1044 1009 1185 1068 sententia
1204 1010 1359 1088 perstitisse
1383 1013 1454 1069 Por·

317 1089 434 1148 Juatitia
447 1089 541 1166 aliquo
555 1089 640 1146 modo
653 1092 724 1146 κατὰ
736 1097 785 1164 par
799 1093 859 1165 χρό-
909 1109 1010 1147 sonum
1025 1089 1151 1147 arbitror.

317 1195 367 1227 σεο
380 1173 494 1245 σκῆττρα
511 1169 590 1246 φέρειν
603 1166 657 1225 dici
676 1179 778 1246 potest,
793 1168 861 1226 licet
949 1183 1017 1243 371.
1039 1170 1144 1227 Aldus:
1166 1171 1224 1227 όσία
1237 1172 1267 1238 δ’,
1282 1168 1300 1226 oi
1313 1173 1383 1226 κατὰ
1394 1177 1455 1242 γᾶν.

317 1248 388 1306 nihil
400 1248 430 1306 in
443 1259 558 1325 promtu
566 1249 699 1315 habeam,
711 1248 785 1324 quod
796 1267 859 1306 earn
907 1247 1040 1306 Reiskius
1052 1271 1058 1306 :
1075 1253 1171 1306 Ἀσιάδ’
1182 1247 1201 1306 ά
1212 1253 1282 1306 κατὰ
1294 1255 1352 1323 potr.
1373 1250 1453 1306 Mat-

316 1327 573 1406 interpretationem
587 1327 742 1386 coniinnet.
770 1326 859 1403 Equi·
908 1325 999 1386 thiae:
1022 1331 1080 1384 όσίσι
1097 1331 1128 1394 θ’,
1143 1326 1162 1384 ό
1177 1332 1246 1386 κατὰ
1263 1335 1321 1403 par.
1361 1328 1455 1385 Recte

316 1408 381 1466 dem
402 1408 539 1466 hactenus
563 1405 689 1464 Heathio
712 1405 857 1473 assentior,
908 1425 939 1464 ae
952 1407 1037 1465 habet
1050 1407 1084 1464 at.
1119 1408 1165 1464 Ita
1182 1418 1278 1464 noster
1293 1407 1366 1464 Hoc.
1382 1421 1452 1482 951.

317 1499 350 1544 ut
370 1506 428 1544 non
447 1506 533 1544 unam
553 1486 636 1543 deam
654 1485 704 1543 aed
723 1485 792 1544 duaa
815 1485 859 1543 hia
902 1479 940 1544 Ὠ
957 1490 1063 1562 φίλτατ’
1076 1490 1164 1562 άνδρῢν
1176 1491 1282 1562 Πρίαμε,
1295 1490 1409 1563 φιλτάτη
1427 1487 1453 1544 δὲ

314 1564 535 1625 verbis-indicari
547 1577 654 1643 putem.
675 1565 777 1640 Neque
790 1564 858 1622 alio·
907 1569 940 1622 αὺ
957 1561 963 1644 Ι
978 1569 1084 1636 Ἑκάβη,
1097 1569 1188 1642 δοκρυόν
1201 1572 1226 1622 α’
1237 1568 1410 1641 sicophantam
1423 1591 1454 1624 τε

315 1644 363 1723 qui
376 1644 544 1719 adjectivum
561 1648 619 1701 όσόα
636 1645 691 1702 hoc
708 1644 793 1701 modo
814 1663 858 1702 re·
908 1645 962 1714 σῆν.
1004 1645 1101 1722 Suppl.
1124 1663 1208 1720 1034.
1225 1639 1264 1702 'o
1285 1649 1450 1712 όυστάιαιιυι,

314 1723 453 1803 petiturus
462 1723 663 1782 fuissevidetur
671 1731 763 1801 poeta.
778 1725 859 1785 Quae
908 1727 1035 1790 δυστάλας
1053 1729 1073 1781 δ’
1094 1727 1143 1799 ἐρῶ
1161 1725 1242 1800 ρι’ρυν.
1283 1723 1451 1802 legendum

314 1803 455 1862 sententia
473 1803 496 1861 si
509 1822 573 1860 vera
592 1814 644 1871 est,
659 1822 696 1860 ne
715 1802 775 1880 ipse
794 1801 857 1880 qui·
907 1821 972 1860 vero
985 1807 1054 1861 κατὰ
1067 1811 1123 1878 par,
1138 1803 1168 1860 ni
1181 1803 1271 1862 fallor.

314 1885 380 1942 dem
407 1882 532 1960 Oedipus
561 1882 743 1959 interpretem
777 1901 858 1960 agere
897 1877 901 1886 '
948 1897 1016 1958 372.
1033 1883 1121 1940 Aldus
1131 1886 1228 1959 χρόσια
1237 1883 1356 1959 πτέρυγα.
1376 1885 1448 1942 Bar-

314 1961 460 2042 potuisset,
475 1973 608 2020 manente
628 1960 734 2020 scilicet
746 1963 858 2039 vulgata
907 1961 1001 2024 nesius
1014 1966 1108 2038 ’χρόσεα
1119 1967 1207 2038 πτερὰ.
1230 1963 1406 2040 Musgravius
1419 1963 1450 2020 in

313 2041 436 2104 lectione
448 2046 518 2100 κατὰ
536 2049 594 2116 ραι.
626 2041 682 2098 Sed
695 2039 777 2099 unius
790 2040 855 2099 lite·
906 2041 1089 2100 annotatione
1106 2047 1196 2118 κρόφια
1214 2047 1292 2118 irrepat
1305 2054 1335 2099 et
1347 2047 1450 2120 κρυφιόιι

313 2141 361 2180 rae
388 2120 544 2179 mutatione
569 2119 663 2178 omnis
690 2119 857 2198 ambiguitas
904 2124 998 2193 πήρα,
1011 2141 1132 2198 quorum
1150 2133 1280 2179 neutrum
1302 2122 1369 2180 satis
1386 2142 1448 2180 me-

314 2200 376 2259 tolli
389 2211 491 2277 potest
516 2200 546 2257 Si
560 2201 643 2278 vulgo
656 2200 794 2278 legeretur
806 2225 855 2257 κυι-
905 2211 949 2258 tro
962 2201 1052 2258 facere
1065 2211 1163 2259 monet
1180 2201 1349 2259 Brunckius.
1381 2203 1449 2280 Ipse

313 2283 417 2353 τόιγᾶς,
432 2297 518 2337 nemo
536 2298 594 2336 non
615 2277 719 2336 videret
739 2280 854 2336 Proser·
904 2278 934 2336 in
960 2291 1038 2336 textu
1065 2279 1230 2338 Barnesium
1258 2279 1391 2358 sequitur,
1416 2281 1448 2339 in

311 2358 408 2438 pinam
423 2359 547 2416 secundo
559 2376 638 2415 versu
652 2357 782 2425 invocari,
797 2357 855 2434 pri-
905 2359 1087 2417 annotatione
1108 2359 1237 2418 meliores
1264 2360 1374 2419 codices
1397 2381 1446 2420 ex-

312 2457 360 2496 mo
374 2457 437 2496 vero
449 2439 588 2506 Cererem,
600 2457 685 2514 quam
695 2456 761 2495 cum
774 2438 856 2496 Rhea
904 2440 1072 2515 spectandos
1099 2450 1204 2497 censet.
1251 2440 1392 2499 Matthiae
1418 2453 1449 2499 et

312 2517 368 2576 sive
398 2516 502 2594 Cybele
532 2515 589 2574 sive
619 2528 709 2574 matre
737 2517 853 2574 deorum
904 2518 1086 2576 Hermannus
1116 2519 1223 2594 χρυσέαν
1247 2520 1366 2595 σσόρυρα.
1416 2521 1447 2578 Si

311 2595 482 2656 confundere
495 2595 568 2654 solet
579 2594 736 2673 Euripides.
766 2595 854 2670 Cujus
903 2615 1003 2654 sanum
1030 2610 1074 2656 est
1098 2599 1216 2674 στόρυρα,
1244 2599 1445 2658 conferendum

309 2675 483 2735 confussionis
503 2674 676 2752 praeclarum
696 2687 787 2734 exstat
806 2695 854 2733 ex·
901 2681 1007 2751 ρισρόλα
1025 2697 1050 2735 v.
1065 2679 1133 2753 39⁶·
1148 2676 1228 2751 cnjus
1247 2679 1319 2737 duae
1339 2679 1447 2756 primae

311 2755 437 2833 emplum
458 2753 488 2812 in
510 2755 631 2824 Helena,
651 2754 729 2814 chori
748 2754 854 2813 seilicet
902 2756 1024 2834 syllabae
1032 2760 1088 2814 ἀντὶ
1095 2765 1154 2831 μιᾶς
1164 2769 1239 2816 sunt.
1259 2757 1369 2816 Similia
1379 2770 1446 2818 sunt
1541 2813 1544 2820 ⁴

310 2855 434 2902 carmen,
448 2833 527 2908 cujus
540 2833 653 2893 initium
667 2847 710 2893 est
724 2853 750 2892 v.
766 2850 850 2910 1317.
901 2837 1031 2912 τρικόρυθες
1044 2856 1068 2894 v.
1083 2855 1116 2896 12
1119 2856 1148 2912 3.
1168 2839 1256 2914 βρέφος
1269 2857 1293 2895 v.
1306 2853 1374 2914 522.
1388 2843 1444 2898 τάδ’

310 2919 395 2992 Ὀρεία
406 2915 465 2972 τοτὲ
483 2918 579 2990 δρομάδι
592 2920 660 2986 κάλῳ
677 2911 683 2994 Ι
699 2919 782 2990 μάτηρ
796 2919 853 2971 arar
900 2919 1045 2986 ἀναβοάσας
1058 2936 1083 2975 r.
1094 2930 1163 2992 525.
1185 2917 1241 2976 Sed
1254 2918 1359 2976 nullam
1371 2919 1444 2996 apud

309 2999 383 3065 όαιίθη
401 2991 406 3074 Ι
424 3000 462 3052 ἄν’
491 2995 600 3052 ὑλαέντα
623 2999 695 3065 adon,
714 2990 720 3074 Ι
736 2993 854 3068 αοτάμιάν
899 3007 1005 3052 veteres
1015 2997 1173 3072 χρυσόπτερον
1184 2996 1249 3054 novi
1260 2998 1352 3066 deam,
1362 3017 1444 3076 prae·

309 3099 339 3132 σε
358 3083 403 3145 xeo
424 3077 544 3140 ’όδόσυα
563 3070 569 3153 Ι
585 3074 734 3150 βαρόβρυμόι
747 3099 776 3131 σε
795 3078 852 3147 κῦμ’
900 3085 944 3134 ter
956 3074 1016 3132 Irin
1030 3087 1059 3134 et
1069 3075 1234 3144 Victoriam,
1245 3097 1362 3155 quarum
1374 3097 1443 3136 neu·

307 3153 384 3220 όλιιι,
403 3101 489 3231 irride
512 3161 559 3218 σᾶς
578 3155 739 3226 όσιιχιριόιας
755 3149 761 3232 Ι
778 3153 851 3228 ἀρρή-
900 3153 969 3212 ttius
982 3153 1089 3214 mantio
1103 3155 1148 3214 hio
1166 3175 1227 3214 ease
1246 3168 1349 3234 potest.
1382 3158 1443 3215 Re·

306 3235 447 3306 τιυκιόρας.
467 3226 472 3309 Ι
489 3231 599 3306 κρόταλα
612 3232 852 3308 δὲΒρόμιαδιασρό-
899 3232 1037 3292 candores
1061 3233 1145 3292 etiam
1170 3235 1288 3295 Nemesi
1312 3238 1369 3295 alas
1392 3237 1442 3294 de-

306 3335 358 3368 σιιν
375 3306 381 3390 Ι
399 3311 467 3367 όόντιι
488 3310 588 3367 κόλαόιι
613 3311 715 3380 ἀνεβόα,
738 3335 763 3368 κ.
785 3336 811 3368 r.
829 3315 851 3369 ἑ.
901 3311 974 3371 disse
987 3313 1031 3370 his
1040 3313 1131 3372 verbis
1144 3325 1243 3374 monet
1256 3316 1407 3374 Pausanias
1417 3317 1442 3374 I.

306 3389 409 3449 Nullas
423 3389 489 3446 deas
509 3387 611 3446 rectius
631 3387 762 3448 invocant
774 3392 849 3448 Bac·
900 3411 949 3467 33.
964 3412 993 3469 p.
1006 3393 1053 3450 82.
1067 3399 1153 3469 Πτερὰ
1166 3399 1186 3452 d
1200 3393 1255 3467 ἔχιν
1268 3397 1318 3453 aaz
1331 3404 1401 3452 τιότι
1414 3401 1444 3453 τό

306 3471 385 3538 chae,
400 3489 484 3546 quarn
505 3470 636 3528 Cererem
656 3480 685 3526 et
704 3468 850 3546 Proserpi·
898 3471 1008 3546 ἅραλμα
1021 3473 1159 3545 Νεμέσεως,
1174 3475 1225 3531 οὐδὲ
1238 3474 1301 3530 όόλλι
1313 3477 1441 3542 amma·

306 3570 382 3609 nam.
425 3548 501 3608 Huic
520 3546 744 3624 interpretationi
764 3547 849 3622 objici
898 3558 945 3608 τάν
964 3555 1079 3627 ἀρχαίαν.
1104 3555 1184 3621 tritta
1204 3552 1229 3610 δὲ
1251 3555 1386 3626 Σμυρναίοις
1404 3557 1442 3610 τὰ

305 3641 408 3710 potest,
427 3629 570 3688 neminem
592 3627 776 3706 Proserpinae
796 3628 847 3686 tri·
896 3634 1030 3705 άκριάτατα
1043 3627 1121 3696 ξόανα
1130 3629 1195 3703 ἔχειν
1203 3635 1281 3706 πτερὰ
1290 3627 1352 3698 οἶδα,
1363 3634 1440 3688 ὔστε-

304 3710 399 3769 buisse
409 3729 506 3768 aureas
517 3710 583 3772 alas.
594 3727 662 3786 quas
676 3708 749 3766 male
762 3707 848 3767 etiarn
896 3734 932 3785 ριι
948 3710 1133 3786 (ἐπιφαίνεσθαι
1145 3715 1194 3786 γὰρ
1203 3711 1247 3778 τὴν
1257 3712 1308 3766 adr
1320 3712 1441 3783 μάλιστα

306 3789 514 3847 sanctimoniae
548 3808 614 3846 suae
640 3787 724 3846 tribui
752 3799 848 3847 censet
896 3795 921 3846 όν
940 3797 990 3856 τοῖς
1007 3797 1063 3866 όρᾶν
1082 3790 1214 3863 ἐθέλουσιν)
1232 3790 1271 3846 ἐπὶ
1284 3793 1372 3846 ταίτοιν
1385 3798 1438 3847 Νε·

304 3867 490 3946 Musgraviua
499 3867 577 3940 cujus
588 3870 670 3927 verba
684 3879 767 3926 sunt:
791 3870 847 3926 Cur
894 3870 967 3941 μίσει
979 3874 1057 3945 mapa
1071 3864 1245 3943 ι’όσσερἜρυσι
1256 3876 1357 3928 maort.
1379 3871 1439 3928 Cu-

305 3949 376 4003 eniru
395 3949 496 4003 dicero
516 3948 729 4006 &acrimoniam
749 3965 847 4004 aureas
891 3945 939 4020 jus
958 3946 1123 4006 auctoritate
1140 3945 1265 4004 abutitur
1286 3948 1437 4018 Heathius,

304 4027 365 4084 aar
376 4029 405 4082 ia
421 4033 494 4082 terro
506 4030 626 4098 gerere?
644 4028 736 4086 Recte
748 4025 847 4085 statuit
895 4045 981 4102 quum
996 4024 1131 4083 Nemesin
1145 4025 1247 4084 alatam
1258 4028 1294 4084 ab
1303 4027 1439 4104 Euripide

303 4114 466 4181 corruptum
474 4105 659 4180 οοοοιισέρυγα,
667 4107 764 4184 dequo
772 4125 845 4164 mox.
895 4102 1043 4182 significari
1064 4104 1171 4164 statuit.
1212 4107 1313 4183 Neque
1335 4107 1439 4166 nullius

312 4241 316 4252 ,
345 4186 415 4243 ittd.
442 4183 537 4260 Hujus
560 4203 654 4246 vorsus
675 4186 779 4244 oblitus
802 4197 846 4243 est
894 4182 1031 4241 momenti
1051 4196 1103 4252 est,
1125 4185 1201 4262 quod
1227 4205 1327 4244 omnes
1349 4188 1437 4248 MSS.

304 4264 455 4334 Porsonus,
466 4283 553 4341 quum
567 4262 679 4339 scripsit
692 4267 726 4323 ad
737 4267 799 4342 Iph.
810 4265 844 4322 A.
894 4261 923 4320 in
937 4261 1041 4320 Aldina
1060 4263 1198 4343 scriptura
1215 4269 1309 4344 χρόσια
1328 4263 1438 4342 σσόρυρα

307 4345 393 4419 1136.
408 4347 521 4404 Fnutrc
540 4344 678 4402 Heothtur
696 4353 724 4401 et
744 4345 844 4402 Mork-
894 4340 1083 4403 consentium.
1107 4347 1207 4424 itaque
1220 4345 1330 4426 reposui
1343 4350 1438 4424 ρρόσιιι
