3194 5102
596 191 895 256 PRAEFATIO.
1293 199 1311 256 5

161 357 261 434 varia
278 385 393 433 manu
409 357 574 457 scriptus,
588 359 634 432 de
651 387 724 457 quo
741 359 941 434 Bandinius
957 359 1001 433 Τ.
1014 359 1066 432 lI.
1082 385 1120 458 p.
1139 373 1220 432 123.
1236 382 1313 458 seq.
1327 391 1331 398 ⁴

160 475 328 548 Exstant
351 473 389 546 in
416 499 460 546 eo
486 474 676 573 Sophoclis
694 475 801 571 Ajax,
817 474 972 565 Electra,
989 474 1150 572 Oedipus
1175 473 1314 571 Tyran-

160 614 244 678 nus,
272 589 505 676 Philoctetes,
531 588 727 686 Antigone,
751 577 984 673 Trachiniae;
1011 587 1164 660 Hesiodi
1193 587 1313 685 Opera

158 714 201 774 et·
226 702 345 790 Dies,
379 701 564 801 Euripidis
590 702 792 801 Supplices,
818 703 1000 776 Pentheus
1030 701 1104 772 sive
1132 701 1313 789 Bacchae,

157 815 337 914 Cyclops,
355 814 582 906 Heraclidae,
606 815 783 889 Hercules
807 816 956 905 Furens,
983 815 1137 903 Helena,
1159 814 1313 904 Rhesus,

156 929 244 1020 Ion,
261 929 458 1028 Iphigenia
480 929 516 1001 in
534 929 673 1020 Tamis,
690 929 882 1028 Iphigenia
907 930 944 1000 in
962 927 1126 1018 Aulideb,
1152 927 1313 1028 Phaedra

156 1041 236 1116 sive
264 1043 506 1141 Hippolytus,
531 1041 675 1132 Medea,
694 1044 860 1130 Alcestis,
877 1042 1141 1133 Andromache,
1158 1042 1314 1131 Electra,

157 1155 337 1246 Hecuba,
350 1156 496 1230 Electra
512 1155 586 1228 sive
604 1157 760 1247 Orestes,
774 1157 1011 1242 Phoenissae3
1037 1157 1210 1254 Aeschyli
1229 1158 1313 1229 Pro-

156 1253 347 1360 metheus,
364 1271 511 1368 Septem
531 1270 574 1343 ad
591 1269 747 1360 Thebas,
764 1272 901 1344 Persae.
951 1271 1063 1345 Nulla
1082 1271 1182 1344 deest
1207 1271 1245 1343 in
1269 1299 1312 1343 eo

157 1385 353 1485 Euripidis
377 1385 501 1459 fabula
529 1399 670 1484 praeter
693 1386 863 1460 Troadas.
887 1447 892 1463 ,
917 1384 987 1458 Sed
1014 1387 1178 1460 Bacchas
1206 1387 1313 1485 longe

157 1501 290 1575 minus
315 1500 470 1599 integras
497 1501 607 1574 habet
623 1524 732 1597 quam
760 1500 943 1574 Palatinus
961 1512 998 1573 et
1019 1501 1194 1600 impressi.
1236 1499 1314 1574 De-

160 1760 285 1833 Rheso;
306 1763 361 1823 nisi
379 1765 455 1842 qarod
479 1753 566 1824 semel
588 1763 623 1822 ad
642 1766 714 1822 Bac·
766 1777 849 1823 λευτον
870 1763 899 1822 in
919 1763 1059 1823 Vossiano
1075 1765 1196 1823 omissos
1216 1777 1315 1822 monet

160 1845 248 1910 chas,
274 1845 361 1903 semel
389 1845 475 1903 etiarn
502 1846 537 1903 ad
562 1845 716 1921 Cyclopem
766 1844 970 1904 Valckenarius
978 1845 1014 1900 ad
1023 1845 1129 1901 Phoen.
1137 1845 1315 1918 363.omnes

161 1922 275 1982 codicis
296 1923 404 1982 mentio
427 1925 502 1981 faeta
523 1935 615 1981 esset:
646 1941 717 1997 quae
767 1921 1070 1998 legunturinLaur.B.
1086 1923 1190 1996 Neque
1201 1921 1315 1989 hictum

147 1999 203 2060 'ad
240 2003 368 2061 Bacchas
401 2001 558 2058 monuisset
589 1999 717 2064 collator,
769 2001 869 2076 plenus
879 2017 1003 2055 errorum
1015 2010 1066 2064 est,
1077 2017 1160 2074 qnam
1173 1997 1220 2055 ille
1230 1999 1317 2058 firisse

162 2081 334 2160 hujusmodi
357 2097 434 2138 esse:
458 2081 493 2134 Ia
513 2081 602 2134 codice
623 2079 720 2132 inseri·
770 2077 886 2144 ridetur,
913 2075 983 2134 licet
1009 2076 1174 2154 plerumque
1201 2075 1316 2137 mirifice

165 2163 248 2219 bitur
261 2162 373 2224 Πενθεύς.
399 2156 547 2234 Speeimen
562 2153 720 2213 collationis
770 2154 958 2229 consentiant.
1008 2157 1109 2232 Neque
1135 2156 1165 2214 in
1196 2157 1316 2234 quorum

166 2238 244 2298 satis
271 2236 396 2314 amplum
421 2235 498 2294 dedit
521 2233 721 2294 Valckenarius
771 2235 902 2294 manibus
915 2236 1042 2294 codicem
1055 2236 1214 2298 Florentiae
1233 2257 1314 2316 repe·

166 2319 203 2376 in
219 2315 371 2394 Hippolyti
384 2314 516 2384 editione,
529 2315 559 2373 in
571 2335 625 2392 qua
639 2313 721 2391 quid·
772 2315 838 2374 rerit
851 2313 978 2385 Vossius,
993 2334 1084 2393 neque
1098 2335 1154 2392 quo
1172 2317 1317 2375 Florentia

169 2395 245 2475 quid
259 2395 292 2453 ut
310 2395 504 2454 observatione
523 2395 671 2474 indignum
692 2393 722 2451 in
772 2395 897 2464 avolarit,
911 2396 995 2454 hodie
1008 2393 1093 2454 statui
1106 2407 1209 2474 potest.
1241 2395 1316 2457 Mihi

171 2474 361 2556 annotatione
369 2473 637 2555 praetermiserat,in
646 2473 723 2532 calce
773 2486 868 2534 tamen
895 2474 998 2534 arridet
1022 2475 1166 2552 Burgesiiv
1184 2475 1316 2553 suspicio,

169 2553 241 2614 libri
252 2574 376 2614 seorsum
386 2554 556 2632 descriptum
571 2551 723 2612 lectoribus
771 2553 943 2612 Vossianum
970 2554 1095 2614 codicem
1113 2574 1192 2618 ‚curn
1223 2554 1317 2633 ipsum

172 2635 333 2729 proposuit.
376 2633 465 2708 Cujus
486 2634 576 2692 variae
594 2631 723 2690 lectionis
772 2653 938 2710 essequam
952 2634 983 2692 in
997 2634 1221 2712 Aug.Matthiae
1234 2653 1318 2694 usum

174 2715 308 2774 anstitnta
327 2713 538 2792 comparatione
559 2733 624 2772 cum
645 2713 722 2770 Lau·
773 2713 1029 2772 Hafniaecontulit
1041 2715 1077 2771 B.
1088 2715 1125 2770 G.
1136 2713 1318 2772 Niebuhrius.

175 2794 307 2861 rentiano
326 2793 369 2853 B.
384 2815 448 2852 eum
474 2791 564 2872 reperi
587 2791 671 2851 etiam
693 2789 723 2848 in
773 2792 884 2850 Scimus
906 2795 982 2851 enim
997 2791 1169 2850 Fridericum
1184 2793 1234 2849 IV.
1254 2793 1318 2850 Da-

174 2873 323 2932 levissimis
337 2874 475 2932 erroribus
485 2891 664 2937 consensum,
676 2869 724 2946 qui
773 2870 836 2929 niae
860 2890 953 2949 regem
976 2889 1051 2926 anno
1071 2869 1244 2927 MDOCIX.
1263 2869 1316 2929 ali·

176 2973 238 3011 non
259 2952 312 3012 nisi
332 2953 362 3011 in
384 2954 492 3010 duabus
506 2951 631 3026 ejusdem
645 2948 723 3007 codi-
773 2950 906 3026 quamdiu
930 2947 1090 3006 Florentiae
1110 2951 1317 3016 commoratum

177 3032 221 3090 cis
232 3032 426 3091 collationibus
440 3030 553 3109 repen'ri
567 3030 647 3087 solet.
668 3028 724 3084 Sed
774 3047 843 3086 esse.
879 3027 933 3085 Cui
954 3026 1017 3106 ipsi,
1036 3027 1079 3086 rel
1099 3028 1236 3102 comitum
1255 3029 1317 3106 ejus

177 3110 350 3168 Vossianum
377 3109 503 3167 codicem
531 3127 548 3165 a
573 3109 660 3165 Laut.
687 3105 723 3164 B.
774 3119 823 3165 aut
849 3106 1002 3166 aulicorum
1030 3107 1172 3186 cuipiam,¹
1187 3109 1317 3169 codicum

179 3188 319 3248 diversum
332 3187 418 3246 fuisse
439 3186 535 3244 multis
553 3184 725 3265 argumentis
774 3189 947 3246 Graecorum
958 3189 1177 3247 coemendarum
1185 3188 1209 3247 si
1217 3189 1317 3250 volun·
1393 3211 1395 3217 ’

179 3266 291 3327 ostendi
312 3278 414 3344 potest.
455 3267 491 3324 In
511 3267 597 3324 Laur.
612 3267 650 3324 B..
666 3285 723 3322 non
773 3279 816 3325 tas
840 3267 937 3336 adsuit,
960 3267 1136 3328 occasionem
1158 3281 1234 3330 certe
1257 3290 1317 3330 nou

173 3349 292 3407 ‘entant
314 3346 449 3414 Il'roades
468 3346 572 3404 nedum
594 3345 724 3404 Bacchae
773 3347 894 3406 defuisse
914 3347 968 3406 illis
991 3349 1165 3426 temporibus
1188 3349 1316 3414 arbitror.

178 3439 209 3486 et
223 3426 354 3506 Cyclops.
379 3427 415 3483 ln
429 3425 568 3484 Vossiano
581 3425 656 3484 haud
669 3426 720 3482 du·
771 3426 866 3496 Brevi,
887 3433 925 3486 ‘ut
951 3447 1042 3506 spero,
1070 3427 1199 3506 Brugesii
1213 3429 1317 3506 suspi-

176 3506 225 3565 bie
238 3507 352 3564 fererant
361 3505 496 3572 Troades,
508 3505 624 3564 fortasse
637 3503 723 3562 etiarn
772 3506 883 3568 cioaan
904 3519 953 3566 aut
966 3507 1055 3568 diluet
1074 3518 1124 3565 aut
1140 3507 1318 3582 confirmabit

178 3586 310 3646 Bacchae
323 3597 353 3644 et
366 3585 496 3664 Cyclops.
536 3585 572 3642 In
592 3585 670 3642 Lam
686 3585 722 3642 B.
772 3587 846 3668 Aug.
867 3585 1006 3643 Matthiae
1027 3584 1075 3642 diu
1099 3597 1259 3662 exspectata
1281 3587 1317 3644 ad

178 3665 283 3746 legitur
294 3665 404 3744 integra
423 3664 534 3730 Medea,
549 3665 662 3720 Rhesus
674 3683 723 3720 us·
772 3664 939 3741 Euripidem
953 3661 1109 3722 a'nn'otatio.
1301 3673 1304 3682 ’

180 3765 236 3823 que
254 3746 290 3803 ad
310 3765 335 3803 v.
352 3760 419 3819 714.
440 3750 555 3820 κρυφαῖος
575 3749 600 3798 ἐν
617 3742 723 3808 πέπλοις.
814 3742 961 3811 thesus,
976 3744 1030 3800 Ion
1049 3753 1078 3799 et
1100 3751 1218 3819 utraque
1236 3743 1316 3821 Iphi-

179 3827 216 3884 In
234 3823 367 3884 Vossiani
389 3821 539 3883 collatione
556 3821 592 3878 ad
612 3819 725 3878 initiam
774 3821 857 3898 genia
876 3824 919 3880 ab
949 3821 1047 3902 eadem
1077 3841 1164 3880 manu
1197 3823 1317 3901 scriptae
1384 3821 1388 3828 ’

180 3903 302 3964 Medeae
328 3903 464 3980 scriptum
492 3912 590 3960 monet
615 3901 724 3977 Burge-
774 3911 858 3958 sunt:
881 3913 990 3960 ceterae
1011 3921 1120 3970 omnes,
1139 3902 1168 3960 ni
1187 3903 1280 3973 fallor,
1300 3923 1317 3961 a

181 3984 257 4044 sius:
281 3985 392 4042 Desunt
410 3986 505 4058 priora
528 3984 633 4058 aliquot
647 3980 725 4056 solia
774 3978 891 4049 diversa,
910 4001 1006 4058 eaque
1041 3981 1135 4039 minus
1156 3981 1257 4040 'nitida
1287 3994 1318 4041 et

182 4064 263 4138 hujus
277 4066 453 4138 tragoedus.-
469 4062 504 4120 ad
517 4060 606 4120 Rhesi
619 4081 644 4118 v.
656 4059 725 4118 606.
775 4072 913 4119 accurata.
947 4061 1015 4120 Illas
1028 4073 1148 4138 quatuor
1160 4061 1317 4140 tragoedias

181 4146 300 4218 Reliqua
321 4143 400 4217 hujus
419 4145 575 4216 tragoediae
587 4144 683 4198 desunt
696 4143 725 4196 ia
775 4140 874 4199 eodem
896 4139 993 4200 ordine
1014 4143 1116 4199 habere
1135 4141 1199 4200 cod.
1212 4142 1317 4200 Palati·

182 4243 214 4280 eo
242 4225 347 4292 Codice,
369 4242 448 4298 quem
469 4224 579 4279 contuli.
621 4221 725 4278 Versus
775 4239 844 4277 num
855 4220 954 4279 monui
968 4221 998 4279 in
1020 4220 1190 4298 praefatione
1203 4221 1238 4284 ad
1251 4223 1316 4284 Me·

182 4303 348 4382 complures,
377 4323 447 4380 quos
478 4313 593 4380 propter
618 4300 723 4375 tparars‘·
776 4300 867 4358 deam.
1167 4327 1195 4341 »·
1234 4321 1238 4328 ·

826 4416 876 4472 A3
