3220 5102
488 237 792 307 εννιιιιλον
827 236 1046 304 nnrxrr.
1265 204 1339 304 νον

308 423 365 500 ἐπὶ
384 416 432 500 τοὶ
451 417 553 500 aaran
569 421 642 514 βίον
1260 447 1341 496 1005
1402 453 1404 457 ’

306 539 402 650 ἆμαρ
421 550 467 627 είς
486 540 589 622 νύντοό
606 545 633 621 τ’
655 539 689 620 εὖ
762 529 769 542 ’

305 663 417 766 ἄγοντ’
439 669 594 762 εὐσεβεῖν,

310 785 378 866 ’τόν
396 782 429 867 δ’
448 788 510 895 ἔξω
527 791 655 895 νόμιμοι
674 785 779 874 δίκας
796 790 948 884 ἔκβαλόν
1129 810 1214 860 ’τίτί
1224 813 1265 872 ft·

307 948 354 992 τοι
372 917 473 1018 τιροῖον
491 911 587 999 θεούς.
1121 941 1124 948 ’

307 1041 365 1116 ίτοο
384 1033 467 1118 diunt
485 1036 634 1144 φανερδς,
959 1089 965 1100 ·
1259 1072 1342 1122 1010

307 1163 366 1240 όταν
384 1160 574 1267 ξιφηφόρος,

308 1284 488 1389 φονεύουσα
506 1286 641 1391 λαιμῶν
660 1281 836 1394 dicimini,
923 1285 936 1310 ⁸

308 1411 359 1490 riv
378 1406 478 1498 ἱόθεον,
498 1407 628 1514 οἷνοροον,
647 1405 762 1491 ἱόύιιοον
778 1413 927 1510 Ἐχίονος

309 1535 426 1612 adm?
443 1532 575 1635 γηγξδῆι
600 1549 609 1554 η
683 1574 693 1582 “
755 1595 769 1620 0
1151 1569 1232 1632 2yiror

198 1785 251 1844 pro
270 1777 378 1844 septem
400 1764 528 1826 brevibus
548 1765 661 1844 syllabis
674 1770 743 1824 τόνδ’
795 1767 881 1824 θέντων
898 1765 904 1848 Ι
920 1773 1080 1827 Τανταλιδᾶν
1099 1773 1207 1842 ἐκβαίνει
1227 1776 1298 1831 ποινά
1317 1779 1341 1829 τ’

198 1846 272 1920 ἕτερον
284 1851 388 1920 μεγάλοι
399 1858 520 1904 metrum
531 1846 656 1923 postulat
669 1856 744 1903 oct0.
812 1843 817 1926 Ι
835 1853 868 1912 είς
887 1848 967 1914 οίκονς,
989 1853 1088 1906 σπεύδει
1107 1857 1131 1905 τ’
1146 1855 1300 1909 ἀσπούδαστ’
1318 1849 1325 1930 Ι

199 1925 340 1982 Seidlerus
354 1924 440 2003 igitur
456 1946 484 2001 p.
500 1943 548 1999 34.
564 1937 593 1982 et
605 1925 746 1982 Matthiae
795 1927 835 1982 e'ni
853 1929 891 1983 σοὶ
912 1930 1011 1999 δαίμων.
1052 1929 1165 2006 Vulgo:
1187 1934 1258 1986 ποινά
1277 1936 1303 2004 γ’
1318 1937 1343 1996 ἐς

200 2003 330 2061 ultimam
344 2003 492 2080 superioris
503 2021 597 2060 versun
609 2003 745 2080 §yllabam
795 2003 874 2070 οίκονς.
896 2009 993 2062 σπεύδει
1011 2002 1017 2084 Ι
1034 2011 1054 2063 δ’
1068 2012 1231 2066 ἀσπούδαστ’.
1270 2009 1343 2068 Vide

200 2109 238 2141 σα
252 2085 307 2142 huc
321 2094 502 2140 retraxerunt.
522 2083 631 2140 Eodem
644 2082 747 2140 rediret
795 2083 891 2140 Musei
906 2083 976 2140 Crit.
991 2087 1110 2144 Cantab.
1124 2088 1159 2144 T.
1175 2089 1214 2143 ΙΙ.
1232 2107 1259 2164 p.
1274 2090 1340 2146 281.

200 2168 236 2220 τόν
247 2166 272 2220 δέ
284 2169 309 2236 γ’
320 2163 401 2239 ἕτερον.
423 2163 479 2220 Sed
491 2161 659 2220 medicinam
672 2182 747 2219 mor·
796 2162 846 2220 ubi
861 2163 951 2220 multa
963 2164 1116 2240 particulae
1129 2191 1158 2223 τε
1171 2177 1237 2243 poet
1250 2168 1342 2244 plures

201 2255 252 2300 tuo
266 2243 358 2300 facere
379 2242 555 2318 supersedeo.
589 2244 705 2315 Μςγοόλα
718 2254 748 2301 et
797 2262 879 2300 voces
893 2241 1014 2302 insertae
1033 2245 1161 2323 exempla
1180 2245 1253 2303 dedi.
1295 2248 1343 2305 De

199 2327 298 2400 φανερὰ
323 2320 471 2400 conjungit
494 2333 590 2380 noster
613 2319 697 2379 etiam
721 2342 745 2380 ν.
796 2323 823 2379 δὲ
836 2321 865 2378 in
880 2323 995 2399 apodoei
1009 2336 1075 2402 post
1087 2350 1117 2383 τε
1136 2325 1265 2384 nonnihil
1285 2326 1342 2384 dixi

205 2422 236 2460 11
263 2404 292 2460 6.
797 2402 833 2458 ad
847 2419 903 2474 r.4
927 2417 953 2475 7.

243 2422 313 2541 ibin.
334 2489 386 2540 Τῶν
406 2483 455 2539 aiei
475 2481 517 2539 vel
539 2493 582 2538 est
599 2483 748 2547 ἀντίστασις
841 2416 925 2538 Ῑοοίί.
948 2481 1008 2541 Pal.
1025 2483 1186 2563 ἐκβόλονΙτα,
1208 2487 1283 2563 quod
1306 2485 1343 2544 ad

202 2561 286 2620 metri
297 2581 391 2628 eausa,
406 2582 457 2639 pro
472 2563 500 2617 τό
514 2561 627 2629 arrival
640 2561 748 2634 αρίνταν
797 2565 956 2631 ἐκβάλλοντα
969 2562 1077 2621 alludit.
1119 2567 1200 2625 Haec
1214 2565 1255 2640 ita
1267 2580 1344 2626 recta

202 2641 275 2700 infra
286 2641 445 2720 legendum.
468 2640 521 2698 Vel
535 2652 579 2698 est
590 2642 748 2698 ἀνακόλουθον
796 2640 933 2718 explicare
943 2640 1052 2701 videtur
1060 2645 1255 2724 Musgraviua:
1272 2651 1343 2704 ritae

201 2720 343 2780 Bacchico
355 2722 443 2796 choro
453 2720 556 2778 furenti
567 2719 747 2788 conveniens,
796 2740 859 2778 vero
887 2720 1000 2793 injustos
1028 2723 1192 2795 rejicientem
1218 2730 1344 2783 venerari

202 2814 234 2859 ut
253 2800 351 2858 melius
364 2801 411 2859 ille
426 2799 529 2858 mentia
542 2801 619 2858 furor
639 2799 746 2857 indice·
797 2803 868 2857 deon.
909 2806 950 2857 Τὰ
971 2799 1016 2865 ἔξω
1036 2805 1104 2868 δίκας
1121 2803 1212 2877 νόμιμα
1228 2797 1343 2862 ιιιιιιτόι

200 2893 255 2940 tur.
276 2883 408 2939 Poeans.
448 2883 546 2939 Metro
562 2885 746 2970 repugnata·
796 2879 882 2938 ἄδικα.
916 2878 996 2936 Nihil
1009 2879 1180 2939 difficultatis
1193 2881 1239 2940 hic
1252 2882 1342 2943 video.

199 2960 299 3035 ιρόντιιν.
340 2961 386 3018 De
411 2968 460 3017 τόν
482 2961 532 3016 αἰεὶ
555 2958 746 3035 ampliandum
797 2959 917 3015 Portus:
942 2960 1024 3015 Ritus
1043 2963 1163 3018 neroilli
1184 2974 1251 3020 sunt
1264 2973 1344 3021 extra

202 3040 320 3097 videtin.
790 3037 1021 3109 justinianeum
1040 3037 1148 3112 injusti,
1163 3045 1210 3116 qui
1230 3041 1343 3115 ejiciam

247 3119 333 3176 1006.
354 3117 456 3176 Verbis
476 3114 542 3193 ἦμαρ
564 3123 597 3184 τίς
619 3120 695 3174 νύκτα
718 3142 748 3175 τε
797 3135 831 3174 ex
845 3118 989 3188 Ιιοιοονὶόιιο
1003 3120 1087 3176 Deos.
1101 3119 1119 3177 i.
1134 3121 1183 3198 qui
1200 3123 1280 3181 Deos
1293 3124 1343 3182 de-

201 3217 268 3256 eum
285 3217 399 3254 sensum
414 3198 497 3276 vulgo
511 3196 647 3265 tribuunt,
663 3215 747 3272 quem
796 3195 862 3254 bitis
881 3197 1035 3256 honoribus
1058 3198 1177 3276 privant.
1220 3202 1266 3261 Sic
1286 3203 1343 3272 ille,

202 3279 309 3336 habent
322 3298 347 3334 v.
358 3295 396 3350 42
399 3292 427 3351 5.
440 3282 510 3335 κατὰ
528 3279 701 3352 φάος-νύκτας
718 3301 747 3333 τε
797 3276 845 3353 qui
858 3285 934 3350 τιμᾶν
947 3298 999 3356 pro
1011 3278 1136 3357 genitivo
1153 3281 1254 3359 plurali
1268 3283 1342 3342 acci·

201 3360 288 3435 φόλας.
335 3357 499 3414 Brodaeus:
529 3337 576 3412 diu
603 3363 745 3430 noctuque,
797 3356 847 3432 pit.
891 3357 1041 3417 Barnesiua
1067 3360 1145 3418 dedit
1178 3373 1264 3436 τιμᾷν,
1293 3365 1342 3422 sed

202 3439 279 3498 nullo
293 3455 347 3493 νοονο
362 3445 487 3511 ternpore.
517 3436 572 3493 Sed
587 3437 669 3494 verba
682 3431 748 3512 ἦμαρ
796 3436 874 3494 Porti
894 3437 1154 3516 interpretationem
1175 3461 1234 3499 nnn
1248 3455 1342 3501 muta-

159 3551 163 3558 ·
202 3524 235 3583 εός
255 3522 331 3574 νύκτα
351 3517 445 3593 potius
458 3519 528 3573 diem
542 3535 625 3591 arque
640 3519 677 3572 ad
698 3533 746 3572 νοο-
797 3516 844 3575 vit.
868 3517 1017 3586 Heathius‚
1032 3519 1089 3576 fere
1103 3531 1134 3576 ut
1148 3521 1265 3578 Portus:
1283 3525 1343 3579 iria

202 3607 280 3664 ctera,
294 3597 321 3654 id
335 3587 388 3663 est,
402 3605 489 3653 totam
503 3599 581 3664 diem,
594 3595 749 3674 significare
797 3616 861 3653 vero
870 3599 978 3670 piacita
984 3597 1190 3674 justitiaefiner
1204 3608 1342 3674 transgre-

203 3676 273 3734 mihi
287 3676 423 3733 videntur.
466 3676 560 3735 Quam
580 3675 747 3752 interpreta·
798 3679 920 3742 dinntur,
936 3679 1082 3750 quaerens
1102 3678 1247 3735 ίιοιιονόύιιο
1267 3679 1343 3752 ejici·

203 3757 309 3815 tionem
319 3757 468 3814 confirmat
478 3767 574 3838 noster
583 3756 668 3812 Here
679 3771 747 3829 503.
798 3763 857 3812 ιιιοό.
903 3756 949 3812 Ad
982 3756 1124 3825 ἐκβαλόντα
1157 3758 1343 3820 conserendus

202 3843 263 3893 ἀλλ’
285 3829 304 3892 d
325 3837 439 3911 γέροντες,
464 3839 557 3909 σμικρὰ
579 3835 625 3907 μὲν
647 3838 684 3890 τόν
706 3840 748 3889 τοῦ
799 3845 895 3891 noster
910 3834 982 3891 Hec.
998 3832 1342 3908 ῐα3ο.’1σχ’.έκβαλύνδέ

203 3919 264 3987 βίον.
283 3912 289 3994 Ι
306 3924 388 3972 τοῦτον
406 3919 426 3972 δ’
441 3915 501 3979 ὅπως
520 3916 612 3983 ἥδιστα
631 3916 747 3988 διοοκερά-
797 3916 896 3988 καρδίας
907 3915 935 3970 τό
953 3916 1084 3990 βάρβαρον,
1103 3911 1109 3994 Ι
1126 3918 1190 3990 λέγ’.
1210 3919 1278 3976 Tro.
1294 3936 1343 3997 59.

202 4019 278 4063 σατε,
298 3992 303 4075 Ι
321 3993 350 4060 ἐξ
362 3995 452 4069 ἡμέρας
471 3999 503 4060 είς
522 3997 599 4050 νύκτα
611 3994 647 4064 μὴ
660 3996 748 4048 λυπού·
793 3987 875 4049 ’Ἧπου
895 4017 929 4049 νιν
950 3991 1040 4066 ἔχθραν
1059 3997 1104 4063 τὴν
1125 3999 1178 4072 πρὶν
1198 4002 1344 4068 ἐκβαλοῦσα

203 4100 278 4148 μενοι.
318 4077 420 4151 Neque
440 4076 534 4131 obstat
555 4070 690 4149 particula
710 4097 747 4138 τε,
798 4080 838 4128 ν’ύν
854 4069 860 4152 Ι
878 4079 911 4138 εἷς
928 4068 1005 4130 οίκτον
1024 4069 1095 4143 ἦλθες
1116 4080 1171 4153 πυρί
1192 4082 1342 4153 nanniano-

204 4172 277 4229 quae
299 4153 435 4233 apodosin
458 4155 549 4211 habet·
562 4151 591 4208 in
611 4149 701 4210 verbis
714 4155 751 4208 τό
799 4152 880 4224 μένην.
921 4151 1032 4230 Dictyis
1045 4154 1144 4234 fragm.
1159 4157 1226 4213 VII.
1247 4161 1345 4236 τατίρα

205 4239 229 4289 τ’
244 4232 289 4298 ἕξοι
302 4233 394 4308 νόμιμα
408 4259 432 4292 κ.
444 4259 469 4290 τ.
481 4239 502 4290 έ.
544 4231 591 4290 Sic
611 4230 686 4289 enim
708 4231 748 4288 Ie·
800 4255 829 4287 τε
855 4235 943 4289 παισὶν
968 4234 1038 4303 ἡδέως
1070 4236 1222 4312 συνεκφέρειν
1239 4233 1245 4316 Ι
1261 4236 1346 4314 φίλιὐς

206 4313 330 4388 gendum
345 4325 423 4390 puto.
452 4312 752 4396 Conferendusnonter
800 4309 898 4386 ἔρωτας,
931 4315 1060 4396 ἐκβαλόντ’
1088 4319 1215 4385 αὐθαδίαν,
1234 4313 1240 4402 Ι
1256 4323 1346 4396 ,παῖδας

205 4392 271 4470 lph.
285 4393 321 4451 Τ.
336 4409 401 4468 199.
414 4390 480 4452 ένθεν
497 4399 545 4450 τῶν
564 4392 666 4468 πρόσθεν
684 4394 751 4465 tna-
801 4415 830 4447 τε
842 4395 926 4466 πατρί.

854 4488 898 4544 ¹4
