3194 5102
304 163 350 248 ἰι
584 171 871 248 ιιιοιιιΣιΣ
911 155 1151 242 ιιιιιιίιιο.

391 402 555 478 ΑΛΛΩΣ
584 400 938 478 ΑΡΙΣΤΟΦΑΝΟΎΣ
967 395 1340 475 FPAMMATIKOTb.

352 569 506 652 Δνίνυοος
523 562 728 655 academicis,
747 563 794 669 μῗι
821 563 1021 670 βουλομένου
1041 563 1182 650 Πενθέως
1199 564 1245 645 τοί
1263 568 1360 674 ὄργιον
1379 575 1441 649 ωὑ-

1280 687 1440 772 alsa-

296 817 383 923 dics,
402 815 577 920 ᾖνοίγκωοε
597 814 719 896 Πενθέοο
737 810 994 896 dimicat.
979 854 996 908 η
1020 813 1200 920 μυθοτονίοο
1230 821 1337 897 asinar
1359 822 1438 938 ποιοί

297 941 462 1052 Αἰσχύλῳ
482 945 511 1023 ἑν
531 940 670 1023 Πενθεῖῆ

337 1151 352 1190 b
374 1150 463 1211 Aldus
489 1159 662 1216 ‘rhoeam
689 1159 841 1209 BAKthN.
892 1151 1003 1230 elapsis,
1017 1153 1068 1209 has
1089 1163 1145 1210 tres
1166 1149 1322 1230 tragoedias
1335 1149 1438 1209 docue-

297 1234 369 1291 Cod.
390 1232 451 1291 Pal.
474 1235 648 1308 ἄριοτοφάνους
669 1239 843 1307 ’γραμμονοικοῦ
892 1232 929 1290 rit
947 1230 1095 1309 Euripides
1116 1231 1217 1290 minor.
1258 1233 1438 1308 Quamquam

297 1313 415 1380 ὑπόθεσις.
464 1312 545 1369 Idem
575 1315 758 1381 launardiaca
792 1331 843 1388 pro
893 1324 975 1370 erunt
999 1312 1116 1369 fortasse
1139 1311 1187 1389 qui
1211 1323 1320 1414 putent,
1341 1330 1435 1389 gram·

297 1397 448 1460 διοποοαο,
460 1403 553 1449 cetera
563 1402 594 1448 ut
603 1390 700 1448 Aldus
722 1390 843 1448 ALaur.
893 1391 1028 1449 maticum
1039 1390 1132 1468 potrus
1142 1391 1339 1460 τετελευτηκοοος
1352 1409 1436 1466 quarn

298 1473 354 1530 hoc
381 1483 579 1563 argumentum
609 1469 727 1528 omnino
754 1467 842 1528 abest.
892 1473 1084 1541 τελευτησαντος
1100 1470 1239 1528 dicturum
1253 1470 1348 1537 fuisse,
1363 1489 1388 1526 ιι
1379 1469 1438 1526 dc

298 1551 381 1629 Apud
409 1550 577 1608 Barnesium
601 1549 717 1608 haec'
694 1570 753 1623 eJus
780 1551 844 1607 loco
892 1551 978 1630 longo
992 1549 1126 1642 temporis
1140 1549 1285 1608 intervallo
1303 1549 1436 1641 loquutus

298 1631 448 1709 leguntur:
480 1631 590 1695 Διόνυσος
613 1633 761 1697 λοοθεοθιὶς,
783 1628 844 1702 μηδὲ
893 1643 974 1688 esset.
1017 1631 1062 1687 lta
1080 1629 1156 1687 enirn
1174 1629 1298 1708 loquitur
1317 1629 1437 1705 scriptor

297 1711 440 1784 βουλομένου
464 1711 571 1775 Πενθέως
598 1713 633 1767 τὰ
654 1707 747 1785 ’Ὅμοιοι
770 1709 844 1766 αὐτοῦ
893 1709 1050 1789 argumenti
1064 1729 1093 1766 ιιι
1104 1709 1248 1786 Oedipum
1260 1709 1434 1814 quoneum:

250 1811 252 1814 ·
297 1793 494 1861 ἀναλαμβάνειν,
515 1795 547 1856 είς
564 1792 655 1862 μοινίοον
673 1791 777 1890 d7a7dr
798 1793 845 1855 τὰς
892 1793 938 1847 Τὸν
956 1793 995 1846 ἐπὶ
1010 1797 1109 1861 Κολωνῷ
1128 1793 1275 1846 Oiit'rroia'
1263 1791 1302 1845 επὶ
1294 1800 1436 1845 ο-τετελευ

298 1874 343 1938 τῆς
368 1869 464 1945 Μητρὶς
489 1872 610 1946 ἀδελφὰς,
634 1869 744 1942 Σεμέλης
769 1869 842 1942 λέγω,
891 1870 944 1928 κότι
961 1894 995 1942 τῳ
1015 1873 1106 1940 τοίνοτφ
1126 1873 1249 1946 Σοφοκλῆς
1264 1873 1276 1924 ί
1294 1873 1367 1934 iliam
1385 1871 1436 1925 ἐδί-

297 1952 438 2023 ἦνιίγκοοσεν
456 1952 535 2014 αὐτὰς
554 1950 597 2005 τίν
617 1949 713 2019 Πενθέα
733 1952 842 2005 damoi—
893 1947 975 2015 δοξον,
987 1951 1033 2014 vii<
1051 1946 1079 2004 oia
1098 1952 1246 2025 Ἀρίστωνος,
1266 1951 1304 2004 ἐπὶ
1325 1947 1437 2023 ἄρχοντος

297 2031 405 2086 caedar.
437 2033 471 2084 Η
493 2031 619 2101 μνθοτονιοο
631 2052 713 2084 κειται
726 2033 782 2103 παρ’
796 2033 842 2082 At·
892 2033 1006 2095 Μίκωνος,
1019 2026 1044 2093 iq
1063 2028 1178 2103 τέταρτος
1197 2030 1244 2084 doni
1264 2031 1380 2094 Καλλίου,
1394 2031 1435 2102 ἐφ’

297 2112 409 2181 wihp'
397 2134 422 2166 ον
431 2109 582 2166 notram
595 2131 669 2181 ονομα
681 2107 749 2181 μίνον
761 2131 842 2179 μετα·
892 2108 919 2164 od
930 2117 1011 2184 φασιν
1024 2113 1044 2164 cl
1056 2110 1116 2164 τλεί
1112 2131 1149 2174 ους
1161 2109 1202 2164 τον
1211 2107 1338 2184 Σοφοκλέα
1350 2118 1437 2163 τελευ-

297 2191 426 2256 τετοίητονι
439 2193 474 2242 Ed
474 2179 563 2262 ριοιίῧῃ·
586 2191 618 2242 Ὁ
631 2210 673 2262 χορ
674 2211 697 2250 ος
715 2187 761 2258 μὲν
774 2211 843 2242 oure·
892 2191 978 2257 τῆσοιν.
1001 2185 1093 2243 Sed
1070 2205 1112 2244 le
1127 2185 1200 2244 tanti
1213 2197 1257 2244 est
1268 2187 1338 2244 huet
1348 2205 1434 2262 quae

298 2273 675 2370 mmtxyorantvussarxdr.
689 2265 843 2334 Ἧδέσκηνὴ
894 2267 958 2334 stio‚
980 2266 1025 2324 cui
1049 2277 1093 2324 tot
1120 2268 1202 2324 verba
1228 2265 1436 2342 impendantur.

298 2369 341 2402 τοο
355 2349 511 2421 Δράμτος’
499 2369 524 2402 εν
537 2370 568 2420 τῃ
553 2347 697 2414 Θηβαΐδι.
718 2345 763 2402 Ita
771 2345 843 2402 Bar·
893 2347 960 2406 Hoc
980 2347 1080 2404 saltem
1101 2359 1207 2404 certum
1221 2345 1337 2413 videtur,
1351 2345 1436 2404 Euri

300 2423 395 2482 nesius
415 2423 521 2502 quod
514 2443 543 2480 m
567 2423 630 2482 edd.
655 2423 843 2502 superioribus
892 2425 987 2503 pidem
1001 2427 1054 2484 sub
1068 2437 1222 2484 extremum
1236 2425 1308 2482 vitae
1324 2439 1435 2502 tempus

300 2516 448 2582 repererat,
468 2523 502 2562 es
521 2502 634 2582 ingenio
655 2503 841 2580 amplificavit.
893 2507 1019 2564 Bacchas
1032 2505 1184 2598 scripsisse,
1198 2505 1302 2581 idque
1295 2525 1324 2562 ιιι
1337 2507 1436 2562 Mace·

301 2582 726 2676 SequuntureumMusgravius,
733 2585 843 2642 Brunc·
894 2585 988 2652 donia,
1001 2584 1080 2660 cujus
1093 2585 1215 2664 regionis
1228 2585 1278 2642 bis
1280 2605 1342 2643 eam
1354 2605 1434 2642 men·
1468 2617 1473 2622 ·

300 2663 362 2721 hius
376 2676 405 2722 et
421 2663 571 2731 Matthiae,
586 2682 640 2720 mss
632 2663 729 2740 'quod
749 2663 843 2741 paullo
893 2665 1000 2724 tionem
1010 2664 1086 2732 facit,
1097 2679 1131 2723 ut
1143 2665 1274 2722 ostendat
1286 2685 1317 2724 se
1330 2664 1435 2744 populo

299 2743 415 2823 propius
457 2744 492 2802 ad
526 2742 657 2802 Aldinam
699 2746 843 2802 accedunt.
892 2745 1080 2804 Macedonico
1093 2745 1203 2823 placere
1212 2744 1341 2803 voluisse
1364 2745 1436 2804 Vide

299 2825 396 2886 Quum
413 2843 561 2901 personam
582 2822 681 2881 veteris
700 2842 842 2901 gramma·
894 2826 929 2884 ad
942 2847 984 2882 vv.
996 2842 1064 2900 407.
1081 2827 1149 2902 565.
1177 2825 1296 2884 Numeri
1310 2826 1436 2884 Baccha·

300 2903 350 2962 tici
377 2905 493 2962 induere
516 2903 659 2962 statuisset
681 2903 842 2970 Barnesius,
894 2927 956 2963 rum
978 2905 1047 2962 tales
1069 2917 1144 2973 sunt,
1159 2905 1284 2982 quales
1278 2925 1306 2963 m
1331 2905 1436 2964 ultimis

300 2995 375 3042 recte
387 2983 508 3052 fecisset,
523 3003 547 3042 οι
539 2982 689 3042 nonnihil
705 2983 740 3041 de
753 2995 844 3042 aetate
893 2984 1058 3062 Euripidem
1067 2985 1168 3044 fabulis
1179 3005 1328 3062 usurpasse
1340 2985 1438 3044 docuit

301 3064 412 3121 fabulae
425 3063 592 3121 addidisset·
615 3064 697 3140 quale
716 3075 760 3121 est
775 3063 844 3121 illud
894 3066 1076 3124 Hermannus
1102 3065 1194 3122 Elem.
1223 3067 1323 3124 Doctr.
1348 3067 1435 3123 Metr.

300 3141 331 3200 in
365 3155 530 3246 argumento
559 3143 741 3201 Medeaezi
729 3147 843 3215 ἐδιδάχθη
894 3165 921 3224 p.
945 3160 1009 3221 115
1051 3147 1085 3202 In
1106 3145 1226 3204 Bacchis
1246 3165 1311 3204 v..c
1335 3145 1435 3204 senarii

301 3224 461 3297 ἐτὶΠυθοδίρ
462 3247 486 3279 ου
449 3221 610 3298 ρᾶοχοντος
623 3224 748 3291 navaria
761 3227 844 3297 ὀγδοη-
893 3225 956 3302 plus
976 3225 1068 3284 minus
1089 3224 1292 3304 quinquaginta
1312 3225 1434 3304 primum

302 3327 391 3372 κοστην
404 3303 505 3375 ἓβλομὴν
517 3308 625 3374 ἰολυμο
617 3306 684 3358 μάλα
712 3301 844 3360 Proximo
893 3306 993 3382 pedem
1007 3318 1188 3383 anapaestum
1201 3306 1355 3365 habet21n
1369 3308 1434 3365 Me-

285 3393 367 3459 =post
393 3393 536 3438 mortuum
563 3379 726 3458 Euripidem
758 3401 842 3451 anno,
894 3385 947 3443 dea
960 3405 1025 3444 vero
1039 3403 1094 3444 sex.

245 3476 247 3482 ’
301 3460 477 3540 Olympiadis
493 3459 598 3519 sedicet
610 3461 720 3519 XCIII
733 3474 843 3538 quarto,
933 3467 1016 3522 Er
1039 3465 1168 3544 Aeschyli
1204 3467 1333 3524 Pentheo
1367 3464 1435 3525 nihil
1466 3527 1469 3538 ,

302 3541 375 3600 hanc
388 3541 510 3600 fabulam
532 3553 624 3599 actam
644 3540 742 3599 statuit
760 3543 844 3600 Mus·
892 3544 967 3622 apud
988 3545 1142 3603 Stanleium
1161 3558 1210 3604 aut
1226 3546 1374 3604 Butlerum
1388 3567 1435 3606 ex-

300 3621 419 3715 gravius.
442 3622 497 3680 Sed
510 3621 579 3679 nihil
589 3621 645 3679 tale
655 3621 749 3690 tradit,
759 3641 843 3699 quern
893 3636 957 3692 stat,
973 3637 1081 3703 praeter
1094 3646 1183 3684 unum
1196 3645 1306 3684 versum
1319 3647 1336 3684 a
1349 3627 1436 3685 Gale·

300 3701 383 3776 hujus
405 3701 562 3761 sententiae
585 3713 727 3760 auctorem
751 3702 845 3760 attulit
893 3725 930 3762 no
951 3717 1100 3774 servatum,
1121 3711 1177 3781 μηδ’
1195 3709 1300 3781 αἵματος
1318 3708 1437 3786 τέμφιγο

300 3782 487 3874 Musgravius,
502 3782 664 3840 scholiastes
680 3781 844 3860 Aristopha-
891 3811 910 3842 οι
910 3786 947 3860 ος
959 3789 1003 3844 τε
1003 3791 1123 3863 φβοίλῃς.
1163 3788 1211 3844 De
1224 3806 1280 3864 quo
1302 3787 1435 3846 videndus

302 3861 346 3918 riis
361 3863 484 3918 adBan.
499 3862 546 3936 67.
561 3868 639 3940 cujus
656 3864 739 3921 verba
758 3874 842 3920 sunt:
892 3865 1038 3924 Bentlerus
1048 3867 1103 3943 Ep
1116 3866 1151 3923 ad
1161 3866 1236 3926 Mill
1251 3888 1279 3945 p.
1290 3882 1338 3942 51.
1360 3869 1435 3926 Pen-

299 3944 361 3998 οὕτω
374 3941 441 3998 a
413 3967 441 3998 οι
460 3945 617 3999 διδασκαλίαι
636 3943 742 4049 pipat-q
756 3954 842 4000 τελεο-
893 3945 951 4004 thei
984 3945 1158 4004 mentionem
1187 3945 1257 4006 facit
1282 3948 1435 4052 Kpschylus

300 4022 421 4091 τήτονντος
439 4023 612 4096 Ενριτίδου,
586 4047 627 4078 τον
642 4025 689 4080 οἷον
709 4030 782 4081 αὐτοῦ
802 4027 842 4080 δε·
892 4027 977 4082 Eum.
995 4044 1040 4099 24.
1075 4025 1239 4101 Βρί’μιοςδ”
1223 4053 1276 4100 εχει
1294 4029 1335 4084 τὸν
1354 4035 1435 4104 χόρον.

299 4100 448 4172 ὃνδοοχένοοι“
438 4100 685 4174 ομωνιίμωςένοοττεν
698 4103 844 4180 Ἰφιγένειαν
893 4109 937 4161 οὐδ’
964 4111 1101 4178 ἀμνημονῶ,
1120 4103 1125 4186 Ι
1143 4105 1229 4173 ε’»ἵξ
1204 4131 1228 4164 ου
1262 4132 1291 4165 τε
1323 4113 1438 4181 Βάκχαις

299 4183 481 4250 motastada,
484 4184 649 4253 Ἀλκμαίωνα,
652 4186 762 4255 Βάκχας.
774 4183 843 4239 Non
892 4186 1078 4260 ἐστρατήγησεν
1097 4189 1155 4254 θεος,
1173 4183 1354 4266 Ιλσνχοὶδίιην
1372 4197 1437 4245 Πεν-

301 4259 370 4318 dicit
402 4259 610 4339 grammaticus,
639 4272 733 4318 utrum
765 4274 844 4339 patre
893 4268 1011 4321 θεῖ-κατα
1011 4269 1106 4340 §patra
1117 4267 1193 4342 μόρον.
1229 4267 1288 4326 Ubi
1303 4268 1437 4325 haecan·

301 4357 391 4418 nuper
417 4351 537 4406 mortuo,
566 4360 602 4398 an
630 4339 736 4417 aliquot
762 4341 843 4400 annis
893 4342 1001 4401 notavit
1011 4344 1189 4402 scholiastes
1206 4349 1359 4424 νονφηοινέν
1368 4356 1437 4424 ssa
