3220 5102
302 215 377 299 100
584 198 889 270 urrrnloor
923 197 1143 268 nnnxsr.

408 385 513 495 θύρσον
532 380 574 464 δέ
584 421 635 470 τιι
652 383 813 477 λοιβοῧσ’,
833 380 970 462 έποιισεν
989 391 1035 470 εἰς
1052 379 1185 491 πέτροιν,

407 509 471 593 ’ύθον
488 504 648 618 δροσύθης
666 505 787 593 llere
804 503 942 617 ἐκπηδᾷ
959 512 1051 596 νοτίς.

409 635 503 728 ἴολλη
522 631 558 716 δὲ
576 631 697 742 νάρθηκ’
719 641 765 719 εἰς
782 629 880 715 πέδον
900 632 1025 727 κοιθηκε
1042 634 1119 737 γῆς,

412 772 470 842 aui
490 757 563 878 τῇδε
583 763 685 866 κρήνην
704 761 830 869 {iasii
852 765 929 845 οἴνου
948 761 1026 850 θεύς.

409 887 508 974 ’ύσοοις
526 883 562 968 θέ
579 890 700 969 leonori
717 888 885 994 πύμοιτος
903 888 1004 976 ortior
1020 887 1138 1000 napis,

410 1012 540 1121 ἰύκροισι
560 1007 760 1095 δακτύλοισι
779 1008 954 1121 diospolim
972 1013 1086 1113 χθύνοι,

409 1139 596 1242 γύλοικτος
613 1138 736 1247 ἓσριοδσ
754 1137 852 1238 εἶχον.
883 1143 923 1222 ἐκ
942 1135 978 1222 δέ
998 1143 1147 1222 κισσίνων

300 1352 363 1411 liius
373 1364 403 1410 et
411 1352 552 1410 Matthiae
563 1352 683 1427 σμύλοοκύς
690 1357 714 1408 τ’
722 1351 848 1430 ἂνθεσφθ-
898 1352 1087 1410 instrumenta
1097 1348 1181 1407 fuisse
1194 1351 1276 1424 θύρσον
1286 1360 1316 1408 et
1328 1353 1445 1424 νάρθηκα.

300 1457 347 1511 ρον,
356 1432 392 1491 de
402 1452 458 1510 qua
471 1432 607 1512 criptura
616 1432 679 1491 vide
693 1432 729 1490 ad
741 1451 766 1489 v.
781 1432 847 1490 108.
940 1447 1007 1508 707.
1038 1429 1126 1488 Aldus
1150 1430 1267 1503 πήματος.
1307 1429 1394 1487 Laur.
1417 1441 1447 1489 et

344 1529 412 1588 703.
434 1513 542 1572 Noster
561 1533 586 1570 ν.
605 1531 671 1587 143.
691 1517 730 1588 ρεΐ
749 1511 775 1570 δὲ
795 1516 847 1586 γά·
898 1513 963 1572 edd.
972 1510 1141 1572 recentiores
1151 1520 1228 1568 recte
1237 1513 1359 1585 πήματος.
1374 1508 1447 1568 Vide

192 1664 204 1672 ⁵
302 1604 378 1652 λσκσι
391 1593 467 1661 πέδον,
489 1599 527 1670 ῥεῖ
542 1597 561 1650 δ’
576 1592 634 1664 οἴνῳ,
655 1599 694 1668 ῥεῖ
712 1592 738 1649 δὲ
756 1603 848 1664 μελισ·
899 1593 972 1651 adv.
990 1609 1058 1667 279.

302 1681 352 1730 σᾶν
368 1669 374 1752 Ι
391 1673 495 1776 νέκταρι.
527 1671 730 1730 Philostratus:
754 1672 849 1746 Γέγρα-
942 1673 1009 1747 708.
1031 1671 1138 1729 Pedum
1149 1669 1253 1749 digitos
1266 1667 1403 1748 intellige,
1414 1681 1448 1727 ut

302 1777 366 1810 πται
386 1753 440 1825 μὲν,
457 1777 473 1808 ον
486 1760 542 1820 παῖ,
557 1755 600 1810 καὶ
613 1757 649 1810 σὰ
662 1758 687 1808 έν
703 1759 739 1825 rq'i
759 1756 849 1808 Κιθαι-
899 1753 975 1830 apud
997 1763 1125 1809 nostrum
1139 1752 1203 1828 Iph.
1217 1751 1253 1808 Τ.
1271 1749 1338 1807 266.
1353 1749 1447 1827 ἄκροισι

302 1839 364 1910 ρύνι,
377 1841 484 1905 Βακχῶν
501 1835 573 1909 χοροὶ,
588 1835 631 1891 κοιδ
648 1835 733 1889 ύποινοι
752 1831 848 1908 πέτραι,
900 1836 1042 1891 δακτύλοισι
1056 1835 1191 1907 πορθμεύων
1203 1829 1274 1903 ύχνος.

302 1915 347 1971 καὶ
360 1914 447 1989 νέκταρ
461 1919 489 1969 ἐκ
508 1915 619 1990 βοτρύων,
633 1914 677 1969 καὶ
691 1918 720 1978 ὥς
737 1915 850 1985 γάλακτι
943 1913 1013 1971 Ibid.
1032 1911 1092 1969 Pul.
1106 1916 1330 1987 &ephrataeum
1342 1907 1447 1986 scripto

302 1993 348 2063 τὴν
360 1995 439 2064 fidles
452 1993 513 2068 ivi
525 1997 639 2051 λιποούνει.
654 1994 697 2050 tal
711 1991 853 2057 δδσδκιττδς
901 2001 1036 2066 λικμῶσιν.
1069 1991 1116 2050 Sic
1128 1990 1214 2050 etiam
1229 1991 1293 2047 Pur.
1307 1991 1344 2046 G.
1369 1989 1449 2048 Alter

303 2072 377 2178 ἕρκει,
388 2075 431 2131 καὶ
443 2071 510 2150 ’θφεις
522 2076 590 2150 ὄρθοδ,
601 2076 645 2131 nal
658 2075 746 2148 dripere,
759 2073 850 2148 δένδρα,
902 2075 965 2132 Par.
975 2092 1034 2130 non
1045 2071 1100 2130 nisi
1109 2077 1234 2144 λικμύύσαι
1245 2071 1339 2128 habet.
1354 2071 1448 2132 Quam

302 2178 381 2228 οιμσι,
409 2153 467 2226 μέλι
495 2158 629 2230 στάζοντα.
681 2153 763 2214 Quae
793 2171 850 2209 non
900 2153 1066 2232 scripturam
1087 2171 1104 2210 e
1122 2149 1286 2210 eonhssione
1305 2150 1450 2209 literarum

304 2231 402 2292 omnia
414 2235 449 2290 ab
460 2231 597 2312 Euripide
607 2244 700 2290 sumta
715 2231 851 2292 videntur.
901 2261 921 2292 οι
930 2245 959 2292 et
972 2245 1090 2291 tortam
1100 2251 1161 2290 esse
1171 2243 1269 2289 monet
1281 2230 1450 2290 Brunolrius.

305 2311 337 2370 si
350 2323 491 2370 exstarent
503 2313 633 2391 Aeschyli
646 2313 790 2372 Pentheus
804 2323 853 2370 aut
901 2313 977 2372 Mihi
990 2312 1085 2391 potius
1098 2311 1291 2390 interpretatio
1301 2329 1363 2370 esse
1372 2311 1449 2371 vide·

305 2391 454 2459 Xantriae,
470 2392 501 2449 in
514 2393 647 2451 alterutra
660 2412 756 2451 earum
770 2393 851 2464 fabu·
902 2406 957 2453 tur.
982 2395 1051 2452 Huc
1064 2392 1177 2472 respicit
1190 2391 1366 2471 Hesychius:
1383 2401 1449 2450 Διοι-

305 2473 396 2531 larum
406 2472 525 2532 fortasse
534 2473 730 2551 reperirentur,
740 2492 812 2550 quae
822 2472 851 2532 in
902 2482 1004 2550 μδσοοιε
1026 2479 1151 2547 ζητοῦσαν.
1174 2473 1372 2552 Interpretatio
1385 2493 1450 2552 pcr-

305 2551 450 2630 Eun'pidis
463 2553 584 2612 Bacchis
599 2573 656 2610 non
670 2553 812 2631 leguntur.
904 2555 976 2613 tinet
1003 2555 1038 2612 ad
1065 2559 1224 2630 διαρούμενοι.
1270 2555 1339 2612 Duo
1365 2556 1451 2613 verba

349 2635 419 2692 ibid.
457 2635 623 2712 Anonymus
649 2635 702 2710 περὶ
732 2636 856 2700 Σολοικίοις
903 2654 1018 2712 prorsus
1044 2634 1152 2693 diversa
1185 2633 1335 2693 confundit
1364 2636 1450 2694 etiarn

306 2715 383 2792 apud
402 2713 618 2774 Valckenarium
639 2736 667 2792 p.
685 2733 751 2772 200.
773 2718 855 2790 θύρσον
905 2714 1019 2773 Suidas:
1036 2720 1205 2789 Διομύμενοςε
1221 2718 1327 2792 θερίζων.
1341 2717 1450 2774 «dhu-

307 2797 382 2862 δέσις
390 2798 507 2867 λαβοῦσα
516 2793 617 2853 έποοισεν
628 2801 661 2862 rie
669 2795 745 2853 πέδον.
759 2795 855 2853 Etiam
905 2799 1015 2871 μύριενοι,
1027 2799 1226 2866 διασκάπτοντος,
1238 2801 1371 2869 ζητοῦντες.
1385 2803 1450 2854 Θου·

307 2877 396 2938 Laur.
410 2879 535 2948 λαβοῦσα.
561 2877 646 2938 Quod
659 2876 693 2934 ad
707 2876 775 2933 πέδον
787 2873 855 2933 atri·
905 2879 1008 2946 κυδίδης·
1029 2879 1182 2950 Διοιρκύριενοι
1205 2878 1247 2934 σδν
1269 2884 1390 2950 κάχληκα
1412 2879 1452 2934 tri

194 3001 197 3010 ·
308 2969 368 3026 net,
382 2958 438 3016 hoc
451 2958 581 3036 exemplo
594 2956 636 3016 uti
652 2955 807 3035 potuissem
821 2955 857 3014 ad
905 2960 1080 3034 σηθοιλύσση,
1095 2955 1170 3014 ἔπινον
1183 2954 1228 3014 οἷον
1245 2957 1305 3023 rixis
1321 2961 1388 3032 ύδονρ.
1408 2959 1453 3014 κοιδ

309 3039 390 3098 Med.
409 3039 521 3114 1369:
531 3040 615 3114 1326.
635 3036 683 3095 ubi
704 3057 738 3096 ex
759 3035 855 3112 conje·
906 3034 982 3104 οιύθις·
997 3044 1029 3094 ot
1043 3037 1068 3095 st
1081 3039 1192 3107 ἐσκήνουν
1205 3040 1246 3095 ἐπὶ
1257 3042 1301 3106 vit
1311 3038 1387 3110 χιόνος
1395 3039 1452 3095 διοι-

302 3130 389 3178 'otum
402 3117 517 3195 scripsi:
540 3122 584 3176 καὶ
596 3123 719 3186 Σκύλλοον,
735 3116 749 3188 ἢ
762 3127 856 3195 Τυρση·
906 3123 1008 3192 μύριενοι
1019 3120 1061 3176 rai
1070 3115 1167 3192 μεταξὺ
1175 3121 1364 3193 ἐκκαθαίροντες.
1378 3117 1452 3175 Vide

308 3201 346 3256 νδν
360 3196 451 3269 ρ’ύκησεν
463 3199 562 3273 πέτραν.
906 3197 1100 3276 Thucydidem
1111 3200 1162 3256 IV.
1174 3198 1220 3256 26.
1242 3198 1352 3267 Nostri,
1365 3200 1453 3256 clear·

351 3291 420 3351 704.
448 3280 561 3347 Ἐκνιηδᾷ
583 3295 634 3353 pro
658 3275 789 3345 ἐξεπήδησε
812 3277 856 3334 di·
889 3283 954 3352 *ing
967 3298 1054 3353 away.
1096 3333 1098 3336 .

309 3368 387 3416 ctum
401 3366 500 3412 monet
513 3353 721 3433 grammaticus,
730 3360 810 3433 cujus
821 3358 857 3415 ad
949 3373 1015 3434 700
1036 3361 1136 3431 Ἑομδς,
1158 3359 1270 3437 proprie
1283 3371 1454 3436 enomen,ut

311 3433 482 3514 superiorem
495 3453 605 3492 versum
625 3433 799 3493 mentionem
814 3437 855 3494 fe·
906 3457 1009 3515 apum;
1030 3439 1148 3516 figurate
1161 3439 1196 3498 de
1210 3440 1305 3517 quavis
1322 3439 1452 3498 multitu·

310 3515 346 3576 ci.
370 3514 400 3572 Si
414 3513 548 3592 exemplis
561 3533 633 3592 opus
646 3526 728 3583 esset,
744 3514 856 3594 allegari
905 3517 979 3586 dine.
992 3530 1024 3576 ut
1037 3537 1183 3595 equorum,
1195 3519 1360 3587 hominum
1383 3519 1453 3578 item

310 3607 407 3677 posset
427 3595 581 3674 Sophocles
599 3597 644 3675 Aj.
658 3613 707 3671 31·
721 3600 809 3673 φράζει
827 3621 855 3654 σε
906 3617 1008 3668 rerum,
1019 3607 1051 3655 ut
1064 3601 1139 3674 ἑσρδς
1150 3607 1283 3678 μαρτυριῶν
1292 3611 1322 3657 et
1331 3604 1450 3672 ἀγαθοῖσι

308 3677 458 3747 κάδήλνισεν.
906 3677 953 3737 hic
965 3699 1030 3737 vero
1043 3699 1095 3758 pro
1109 3683 1195 3756 copia,
1210 3679 1285 3757 quod
1305 3678 1392 3736 rarius
1406 3678 1452 3737 di-

352 3771 420 3831 705.
448 3757 492 3812 Ex
516 3756 572 3815 hoc
594 3775 674 3815 versu
698 3775 763 3814 cum
788 3772 855 3832 703.
906 3758 988 3829 citur,
1002 3763 1077 3835 έσρδς
1095 3766 1230 3836 γάλακτος.
1266 3759 1312 3817 De
1332 3777 1453 3818 numero

309 3835 413 3896 collato
438 3840 520 3912 θύρσον
545 3849 575 3895 et
601 3842 708 3914 νάρθηκα
734 3835 856 3896 diversos
905 3839 983 3899 enim
1003 3859 1095 3920 saepe,
1118 3841 1153 3899 de
1176 3838 1335 3918 quantitate
1356 3838 1453 3898 minus

308 3915 394 3978 fuisse
414 3916 561 3974 contendit
580 3916 768 3997 Musgravius.
809 3919 856 3976 De
904 3921 1065 3998 frequenter
1087 3919 1214 3978 occurrit.
1261 3921 1452 3978 Bsauasrus.

310 4017 366 4077 qua
378 3992 477 4069 tejam
492 3995 548 4054 dixi
562 3999 597 4055 ad
611 4019 636 4056 v.
653 4017 716 4073 ¹¹3·
750 3998 856 4056 Confer
903 4006 1009 4074 Ἓσμοὺς
1030 4000 1156 4078 aspirate,
1178 4010 1211 4056 ut
1234 3999 1325 4058 efferri
1349 4000 1453 4060 debere

309 4078 394 4140 etiarn
422 4096 464 4135 νν.
491 4091 526 4151 73
531 4079 659 4153 5-738,
687 4077 736 4138 ubi
763 4078 855 4156 primo
904 4080 977 4138 hanc
1001 4099 1097 4138 vocem
1122 4071 1262 4140 monstrat
1284 4079 1452 4140 Eustathius

308 4161 417 4236 μθσχοις,
439 4154 540 4215 deinde
562 4161 635 4234 πύριν,
656 4169 717 4216 tum
738 4163 856 4232 δαμάλας
903 4161 1014 4238 p.178,
1033 4161 1077 4217 16.
1112 4158 1246 4219 Adhibita
1268 4160 1316 4219 illa
1338 4159 1451 4239 pervul-

309 4239 380 4302 dirit
400 4249 503 4307 noster,
524 4256 560 4296 ne
580 4249 622 4295 ter
643 4239 729 4296 boves
753 4239 852 4298 eodem
901 4250 969 4319 gato
990 4258 1042 4296 usu
1065 4241 1104 4296 ἐπὶ
1124 4241 1227 4310 πλήθους
1245 4244 1289 4299 καὶ
1308 4239 1390 4316 ύχλον,
1412 4259 1451 4300 an

308 4321 424 4382 nomine
443 4317 603 4400 appellaret.
637 4319 707 4376 Non
721 4318 854 4397 igiturex
902 4319 967 4379 alibi
989 4333 1116 4379 occurrat
1129 4321 1315 4399 quantitatem
1335 4333 1448 4388 notans,

308 4403 363 4462 hoc
390 4403 452 4462 loro
479 4397 589 4459 ostendi
616 4409 720 4478 potest,
748 4398 854 4458 diversa
901 4419 959 4458 non
973 4399 1099 4461 dixerim.
1122 4401 1153 4462 Si
1166 4401 1212 4461 cui
1226 4403 1280 4462 hoc
1294 4421 1378 4464 sensu
1393 4401 1448 4462 rui·

470 4780 680 5080 .ν
816 4605 1271 5078 fc
