3220 5102
329 273 381 344 ts

436 461 511 561 ipris
529 449 580 531 ria
601 451 822 534 ΙἈκταίωνος
835 447 947 530 allator
964 452 1068 558 μίρον,

619 269 924 336 srprmaor
958 271 1178 366 annxnr.

1216 483 1226 515 ¹
1236 472 1354 530 'Aahx

432 578 463 656 ha
483 577 634 680 ὦμίσιτοι
654 572 841 664 σκιίλακεσ,
862 570 907 658 alt
926 569 1099 682 ἒίρέψατο,

433 693 670 788 διεσπάσαντο,
692 700 844 805 ’κρείσσον’
865 700 894 778 ἓν
915 700 1093 800 κυναγίαις

430 819 620 932 Ἀρτέμιολοσ
638 822 717 905 εἶναι
737 823 964 931 κομπάσαντ’,
985 828 1014 905 ἒν
1032 825 1184 933 ὄργοίσινς

379 1017 380 1020 ,
430 951 448 1031 i
466 947 514 1056 μῖν
532 947 642 1064 πάθης
660 947 701 1029 air
721 944 831 1059 (daipo'
848 986 907 1031 σου
925 943 1047 1058 στῖπΙνω
1067 947 1158 1059 κοίρα

384 1123 386 1128 v
434 1074 578 1182 κισσῷ),
595 1071 665 1180 μοί
684 1073 771 1180 ἡμων
788 1082 835 1181 τῷ
853 1071 910 1181 θεῷ
927 1069 1021 1179 τιμῗην
1039 1066 1141 1152 didon.

325 1335 406 1396 rrius.
454 1336 578 1415 Scaliger
607 1357 666 1394 non
693 1336 766 1394 male
792 1337 866 1408 ἡμῶν.

323 1420 500 1494 Quamquam
516 1436 606 1493 neque
620 1417 738 1474 altemm
755 1414 867 1494 penitus

323 1498 437 1554 damno.
458 1498 671 1554 Mnscaavrus.
704 1493 866 1552 Genitivurn

322 1575 436 1634 admisit
454 1575 622 1644 Branchus,
641 1573 764 1632 dativum
785 1593 865 1632 revo-

320 1655 394 1713 cavit
413 1655 561 1722 Matthiae,
576 1666 692 1731 uterque
709 1652 800 1711 celato
821 1653 863 1710 le-

321 1747 407 1792 ctore.
448 1737 517 1792 Non
538 1732 675 1810 Euripidi·
690 1731 801 1810 propria
821 1744 865 1790 est

321 1813 492 1873 constructio
514 1816 570 1888 ἡμῖν
588 1823 624 1885 τῷ
643 1814 716 1888 γένει,
731 1824 764 1869 ut
783 1823 864 1888 putat

319 1893 459 1968 Beiskius,
474 1895 522 1950 scd
540 1894 613 1970 apud
628 1911 726 1950 omnes
744 1891 863 1968 scripto-

320 1993 364 2031 res
374 1972 479 2050 passim
490 1972 579 2030 obvia.
601 1971 738 2028 Pindarus
749 1971 863 2048 Olymp.

290 2117 293 2124 Δ
318 2055 359 2111 ll.
384 2068 431 2128 27.
459 2054 549 2130 cippus
574 2051 673 2127 ἄρουραν
695 2049 732 2108 ἔτι
759 2053 865 2124 πατρίαν

319 2135 408 2210 σφίσιν
420 2132 518 2205 κίμισον
531 2139 614 2203 λοιτηῖ-
623 2131 695 2204 γένει.
726 2130 766 2187 Et
779 2130 862 2186 VIII.

323 2229 390 2286 109.
403 2211 416 2266 ὅ
429 2221 489 2288 σφιν
503 2210 599 2267 dauver
612 2215 670 2274 Ζεὺς
684 2209 757 2283 γεύει.
791 2207 863 2265 Vide

318 2307 356 2348 an
369 2290 518 2367 legendum
533 2288 608 2365 apud
621 2287 785 2364 Euripidem
799 2288 861 2366 lph.

319 2370 355 2426 T.
378 2385 443 2444 279.
465 2365 529 2434 ἔδοξε
549 2373 568 2424 d
589 2369 646 2440 ἡμῖν
665 2363 691 2424 ei
712 2367 793 2441 λέγειν
814 2374 863 2433 τοῖς

317 2451 433 2505 οιλείοσιν.
548 2504 554 2513 ,

282 2519 283 2522 '
359 2545 375 2602 3
380 2529 427 2602 37.
448 2523 861 2592 Laur.acorrect0rea’tm'aa;‚

318 2605 413 2664 nescio
427 2625 463 2663 an
477 2617 561 2663 recte.
586 2603 734 2662 Genitivus
745 2607 861 2660 Ἀκταίο-

231 2727 232 2732 1
317 2711 353 2753 νος
372 2685 475 2765 legitur
494 2704 519 2742 v.
537 2704 603 2759 230.
627 2680 798 2742 accusativus
814 2689 860 2738 'A-

316 2770 425 2823 κταίινιι
444 2786 471 2823 v.
494 2784 579 2842 1290.
602 2763 650 2822 ubi
674 2764 792 2820 sonasse
815 2780 859 2818 re·

275 2899 282 2906 ,
316 2846 481 2922 ponendum
503 2845 634 2902 Ἀκτέωνα.
676 2845 792 2900 Certum
818 2853 862 2899 est

316 2925 425 2989 Atticos
435 2924 536 2982 dixisse
545 2923 698 2997 Ἀλκμέωνα.
718 2920 860 2979 Timncles

316 3005 392 3083 apud
405 3007 581 3062 Athenaeum
598 3024 626 3080 p.
644 3021 679 3059 22
682 3021 710 3078 3.
724 3005 735 3058 i
748 3007 821 3057 νοσῶν
834 3001 860 3057 δὲ

315 3091 429 3156 μανικῶς,
450 3085 581 3157 Ἀλκμέων’
598 3084 733 3152 ἐσκέψατο.
766 3079 861 3158 Vulgo

316 3161 430 3237 quidem
455 3165 611 3235 Ἀλκμαίων’,
636 3161 712 3236 quod
739 3158 860 3217 mediam

315 3238 454 3316 corripere
474 3240 549 3316 apud
573 3239 712 3296 comicum
734 3238 778 3295 vix
800 3257 858 3296 cre·

315 3320 391 3376 dam.
433 3319 488 3376 Sed
512 3317 728 3375 controversiam
755 3315 860 3374 dirimit

315 3395 445 3456 Mamror
471 3396 657 3455 Sandvicensc
683 3395 758 3472 apud
783 3397 859 3473 Tay-

315 3479 417 3546 lorum,
431 3477 462 3536 in
476 3496 531 3556 quo
550 3475 668 3534 totidem
688 3473 775 3532 literis
788 3473 858 3552 legi·

314 3570 377 3616 tur:
399 3564 653 3614 ΑΛΚΜΕΩΝΙΔΗΣ
666 3555 821 3628 ΘΡΑΣΤΜ[
844 3585 857 3596 ·

313 3639 373 3713 xo]
390 3645 575 3696 sensatos.

356 3719 425 3792 338.
448 3717 586 3792 Ὠμίσιεοι,
608 3717 698 3773 crudit
717 3721 857 3772 vescentes.

315 3796 390 3854 Mihi
410 3798 525 3870 lpdcrraa
546 3799 699 3873 ὃμοτροίτεζοι
720 3813 779 3851 non
799 3792 857 3851 dis·

313 3873 409 3952 plic'et.
431 3877 607 3934 Bnouaaus.
648 3877 736 3952 Cujus
749 3871 773 3930 si
787 3873 857 3931 haec

314 3953 374 4010 sola
395 3965 515 4011 exstaret
539 3953 712 4028 conjectura,
730 3952 856 4030 pluribus

314 4051 373 4089 non
387 4033 457 4108 opus
474 4044 548 4088 esset
561 4032 595 4090 ad
609 4053 642 4090 ea
654 4031 855 4100 confirmanda,

314 4129 386 4189 quae
395 4111 431 4168 de
445 4110 560 4169 metrica
573 4117 632 4190 ejus
645 4110 746 4190 peritia
758 4109 856 4168 monui

314 4192 350 4250 ad
363 4211 388 4248 v.
402 4189 468 4246 216.

355 4288 423 4346 339.
450 4267 560 4326 Reiskii
584 4268 782 4343 conjecturam,
807 4269 868 4327 hl?

313 4373 418 4406 στασαν
435 4351 476 4406 τὸν
494 4351 628 4423 κρείσσονα,
644 4347 755 4426 silentio
774 4367 856 4426 prete·

314 4428 449 4498 terissem,
463 4425 516 4487 nisi
529 4425 687 4488 admisisset
699 4444 762 4488 eam
775 4429 855 4488 Mat·

1399 860 1465 912 340

916 1333 999 1392 thiae.
1017 1332 1092 1391 Mihi
1103 1333 1373 1410 nequenecessarius
1383 1335 1461 1396 vide-

916 1426 962 1470 tur
980 1413 1122 1481 articulus,
1137 1425 1166 1470 ct
1187 1413 1279 1471 media
1298 1415 1389 1472 forma
1409 1421 1460 1474 διε-

915 1497 1047 1550 σπάσαντο
1057 1509 1145 1570 aeque
1155 1493 1228 1550 bene
1239 1494 1364 1570 usurpari
1374 1507 1460 1572 atque

914 1572 1011 1629 activa.
1036 1572 1237 1649 Aristophanes
1250 1573 1325 1631 Ran.
1339 1575 1409 1648 478.
1424 1579 1459 1632 rai

912 1652 989 1728 νεφροί
1003 1652 1030 1708 δέ
1046 1677 1089 1708 σου
1106 1647 1112 1730 Ι
1129 1659 1241 1709 αὐτοῖσιν
1252 1654 1378 1728 ἐντέροισιν
1389 1660 1459 1729 ᾑμω-

913 1731 1009 1803 τωμίνω
1026 1727 1032 1809 Ι
1050 1735 1230 1788 διασπάσονται
1244 1733 1352 1808 Γοργόνες
1367 1737 1458 1810 Tropa-

913 1834 977 1866 ctat.

956 1891 1024 1947 ibid.
1045 1889 1133 1947 Aldus
1150 1893 1280 1964 κυνηγίαις,
1293 1891 1368 1966 quod
1382 1904 1458 1952 recte

913 1980 1037 2028 mutasse
1052 1969 1160 2026 videtur
1179 1969 1327 2028 Matthiae.
1362 1972 1457 2050 Vulgo

913 2047 1015 2126 legitur
1034 2049 1109 2125 apud
1133 2059 1260 2106 nostn1m
1284 2049 1373 2128 Hipp.
1391 2070 1456 2128 109.
1501 2055 1507 2060 ’

913 2129 1009 2202 repatuit
1026 2133 1054 2184 ἐκ
1073 2131 1191 2202 κυναγίαις
1207 2125 1212 2206 Ι
1229 2133 1340 2204 τράπεζα
1359 2131 1456 2206 πλήρης.

913 2207 1021 2263 Contra
1045 2207 1120 2283 apud
1144 2207 1312 2283 Sophoclem
1336 2207 1381 2281 Aj.
1406 2227 1456 2285 37.

912 2304 996 2342 nemo
1010 2286 1149 2364 vulgatam
1168 2290 1269 2360 κυνηγίᾳ
1288 2287 1456 2348 sollicitavit.

911 2367 1016 2438 Κινηγὸς
1024 2365 1133 2442 jamdui
1147 2364 1257 2442 tragicis
1268 2365 1456 2439 abjudicatum

910 2455 961 2501 est.
984 2443 1055 2501 Vide
1069 2446 1225 2501 Porsonum
1237 2446 1272 2503 ad
1284 2447 1333 2503 Or.
1347 2449 1393 2506 26.
1407 2448 1456 2525 qui

909 2521 984 2580 inter
1004 2525 1132 2598 κυνηγέτης
1154 2535 1183 2580 et
1205 2527 1338 2599 κυνωγίτης
1362 2527 1454 2585 haesi»

910 2613 970 2659 tare
983 2601 1100 2671 videtur,
1116 2601 1186 2659 nihil
1199 2615 1293 2661 autem
1306 2606 1343 2663 de
1355 2611 1457 2682 κννηγία

910 2681 989 2739 dixit.
1322 2681 1325 2684 ’
1349 2682 1353 2690 ’

951 2779 1019 2835 340.
1049 2761 1128 2818 Ordo
1150 2772 1210 2820 est:
1241 2765 1407 2822 διεσπάσαντο
1428 2771 1455 2822 ἐν

909 2844 1018 2915 ὀργάσιν.
1038 2840 1123 2901 Quod
1133 2854 1304 2900 monuerunt
1312 2843 1453 2902 Heathius

909 2931 939 2976 et
951 2919 1138 2998 Musgravius.

950 3017 1018 3073 341.
1041 2999 1100 3056 Pal.
1120 3003 1182 3076 δεῦρο
1204 3009 1255 3060 σοῦ.
1288 3003 1335 3060 lta
1351 3001 1453 3061 distin-

909 3077 970 3156 guit
984 3079 1088 3136 Aldus:
1109 3077 1172 3154 ipah
1186 3085 1319 3157 τάθηςσὺ,
1333 3087 1396 3158 δεῦρο’
1409 3108 1453 3140 σου

908 3159 995 3228 στέψω
1008 3163 1073 3234 κοίρα
1090 3156 1096 3238 Ι
1113 3169 1201 3232 κισσῷ.
1215 3165 1269 3234 μεθ’
1283 3163 1349 3235 ἡμων
1358 3171 1393 3236 τῷ
1406 3166 1452 3236 θεᾷ

908 3240 980 3309 τιμὴν
1004 3241 1073 3295 δίδον.
1108 3238 1220 3308 Melior,
1244 3240 1274 3298 ni
1296 3241 1386 3310 fallor,
1408 3255 1452 3300 est

909 3316 987 3383 ratio,
1000 3336 1084 3393 quarn
1099 3316 1128 3374 in
1142 3330 1220 3376 textu
1233 3319 1318 3379 vides.
1340 3325 1391 3378 Διὰ
1403 3323 1451 3394 με’-

908 3419 951 3450 σου
964 3408 1031 3452 sunt
1049 3397 1132 3454 verba
1150 3399 1214 3474 δεῦρο’
1232 3424 1274 3455 σου
1287 3400 1373 3470 στέψω
1386 3406 1452 3477 κάρα

907 3481 995 3610 igere,
1007 3477 1209 3613 gupperhnglice
1221 3479 1353 3536 vertenda
1366 3492 1447 3537 sunt:

932 3573 1042 3610 amet
1103 3566 1354 3624 ‚tmecrcwn
1398 3575 1452 3616 oar

908 3633 979 3689 head
996 3635 1062 3691 with
1080 3638 1133 3710 lay.
1167 3636 1254 3704 Στέψω
1273 3633 1358 3704 enim,
1373 3577 1450 3712 duod

907 3731 958 3790 pro
989 3713 1083 3772 futuro
1114 3714 1254 3791 accipiunt
1284 3713 1449 3791 interpretes

906 3791 1013 3862 Latini,
1037 3793 1242 3868 subjunctivum
1266 3811 1327 3852 esse
1351 3796 1450 3853 monui

907 3873 942 3930 ad
956 3873 1035 3932 Med.
1050 3891 1134 3947 1243.
1156 3869 1294 3930 Usitatius
1307 3877 1449 3952 essetpe‘pe

906 3976 949 4008 σου
962 3947 1048 4022 στέψον
1067 3957 1140 4027 κάρα,
1154 3951 1203 4008 sed
1225 3955 1288 4028 δεῦρο
1306 3953 1450 4031 usurpavit

905 4029 992 4087 etiam
1003 4032 1204 4107 Theopompus
1217 4032 1293 4109 apud
1304 4034 1447 4092 Athenae-

905 4128 954 4165 um
973 4127 1082 4185 p.·470.
1095 4110 1128 4166 F.
1148 4113 1224 4186 Xdpa
1243 4117 1276 4168 rh
1289 4115 1352 4187 δεῦρο
1371 4119 1447 4189 Θηρι-

904 4189 985 4254 κλέους
1010 4190 1096 4246 τιστδν
1122 4190 1211 4256 τέκνον,
1230 4187 1236 4271 Ι
1252 4199 1360 4265 γενναῖον
1380 4189 1447 4260 εἶδος.

904 4265 978 4340 ίνομά
990 4273 1067 4326 σοιτί
1077 4272 1192 4341 θοίμεθας
1210 4266 1216 4349 Ι
1233 4265 1271 4346 αἶρ’
1283 4267 1307 4328 el
1317 4275 1450 4348 κάτοπτρον

904 4350 1010 4422 picem
1034 4346 1062 4418 ἢν
1084 4351 1170 4424 πλῆρες
1193 4353 1268 4427 δοθῇς,
1287 4346 1292 4431 Ι
1309 4352 1373 4410 οὐδέν
1393 4359 1447 4408 τοτ’

904 4425 977 4488 ἄλλο.
997 4431 1060 4506 δεῦρο
1079 4429 1108 4498 hh
1127 4430 1223 4506 γεμίσω
1236 4436 1263 4490 τ’
1276 4434 1335 4508 duri.
1375 4432 1446 4494 Por*
