3226 5104
567 270 870 338 ΕΥΡΙΠΙΔΟΥ
905 269 1124 336 ΒΑΚΧΑΙ.

388 448 632 556 ἀναβοάσωμεν
650 447 821 556 ξυροφορέον

387 573 447 655 ταν
465 575 518 652 rod
536 567 708 680 θρθκοντος
726 570 882 673 ἐκγενέτα
900 569 1087 659 ΙΠενθεῶς.

387 693 501 796 istite
520 692 675 798 diunysii
692 693 829 784 σσολαν,

283 276 357 356 1⁵2

389 820 530 929 νάρθηκα
547 859 583 903 τε
602 819 752 915 Ιπνστὶν
768 821 813 900 A‘t
833 857 874 900 αν

390 949 514 1041 ἐλαβεν
532 945 682 1055 εὔθυρσον,

282 1173 364 1243 diget,
385 1188 465 1244 qoam
486 1172 593 1240 Βάκχιον
616 1165 740 1244 ξυμφορὰν
754 1165 824 1238 jun·
874 1165 904 1224 hi
918 1165 1123 1244 interpretetur,
1136 1164 1261 1244 Oedipus
1275 1165 1337 1224 erit.
1358 1167 1419 1226 Le·
1466 1219 1469 1224 .

281 1251 371 1323 gendo
392 1267 445 1306 esse
450 1275 460 1318 ,-
481 1255 566 1322 ταῦρον
587 1256 686 1314 autem,
701 1249 752 1303 nisi
765 1266 826 1303 eam
873 1247 998 1326 gendum
1012 1244 1130 1320 conjicio
1142 1250 1294 1304 Βιττονίδον.
1315 1247 1419 1305 Notis·

284 1349 314 1385 eo
328 1328 466 1402 jungatur
479 1329 595 1402 εὔθυρσον,
601 1327 719 1402 frigere.
754 1327 826 1384 Seu·
875 1328 961 1385 simae
978 1326 1052 1384 inter
1071 1326 1177 1384 Bacchi
1190 1326 1307 1384 famulas
1320 1327 1420 1386 Bisto-

283 1408 402 1466 tentiam
417 1419 483 1465 ante
496 1405 595 1484 viginti
613 1425 701 1463 annos
715 1405 826 1483 exposi-
875 1407 965 1465 uides.
1006 1407 1108 1463 Horat.
1132 1407 1229 1464 L.11.
1253 1408 1346 1464 Carm.
1371 1427 1418 1484 19.

284 1487 387 1545 tamin
401 1487 496 1544 multis
516 1485 690 1544 hauddubie
709 1485 827 1543 mutavit
880 1489 920 1560 [v.
934 1488 994 1560 ru]
1014 1489 1055 1542 Τα
1067 1487 1199 1561 separatis
1212 1489 1308 1543 uvidus
1325 1491 1353 1544 in
1367 1487 1420 1560 ju-

282 1567 324 1625 vir
337 1587 472 1634 summus,
485 1586 568 1644 quem
582 1567 668 1643 longe
680 1565 760 1626 aliter
773 1566 827 1622 hoo
875 1571 917 1642 gis
934 1564 939 1646 Ι
956 1569 1027 1624 nodo
1044 1575 1147 1624 eoe'rces
1166 1569 1286 1641 οὶρεήννο
1303 1563 1308 1646 Ι
1327 1570 1420 1625 Bisto-

283 1667 396 1706 earmen
410 1646 494 1720 hodie
504 1645 722 1704 constituturum
732 1644 826 1703 existi·
875 1650 969 1706 nidum
992 1649 1049 1704 sine
1067 1647 1173 1722 frande
1200 1649 1294 1704 crines
1334 1649 1420 1706 Τυνν-

281 1724 341 1785 mo.
368 1725 493 1784 Primam
505 1734 614 1803 partem
628 1723 669 1782 ita
681 1723 828 1783 constituit
875 1745 1028 1786 warnerus.
1053 1727 1148 1784 Locus
1165 1725 1420 1803 depravatissimus‚

285 1806 425 1865 Seidlerus
446 1807 482 1863 de
499 1804 634 1863 Versibus
653 1806 777 1863 Dochm.
818 1847 825 1861 .

288 1887 354 1946 116.
376 1887 487 1962 Strepit.
511 1885 552 1942 ’ld
574 1889 786 1961 ἀναχορεύσωμεν,

284 1973 403 2038 Βακχεῖον
416 1969 602 2039 ἀναβοάσωμεν,
612 1964 648 2031 id,
664 1964 788 2042 ξυμφορὰν

231 2079 233 2085 v
283 2051 332 2104 τᾶν
352 2053 393 2102 τοῦ
414 2049 535 2121 δράκοντος
558 2045 674 2119 ἐκγενέτα
694 2052 736 2100 τοῦ
762 2053 828 2102 Πεν·

285 2128 350 2193 θέας.
385 2128 502 2182 Antistr.
518 2124 565 2190 Ὃς
576 2129 625 2180 τὰν
638 2128 754 2198 θηλυγενῆ
767 2149 827 2182 στο·

283 2211 340 2274 λὰν,
359 2201 365 2283 Ι
382 2208 488 2281 νάρθηκά
508 2229 546 2272 τε,
562 2205 640 2279 ποκρθν
659 2206 751 2274 Ἀΐδαν,
765 2203 827 2262 ἕλα-

283 2289 327 2356 βεν
341 2286 457 2360 εὔθυρσον,
476 2281 482 2363 Ι
499 2291 584 2360 ταῦρον
598 2287 748 2360 προγρρτῆρα
761 2309 826 2358 συμ-

285 2371 361 2443 φορᾶς
373 2363 443 2436 ἔχων.

325 2445 395 2500 Ibid.
416 2442 505 2500 Aldus
522 2445 649 2515 βακχεῖον.
684 2443 742 2501 Pal.
761 2446 826 2515 βακ-

174 2515 180 2528 i
282 2528 361 2598 χεθονν.

328 2615 414 2677 1153.
440 2601 547 2659 Aldus:
572 2606 621 2658 τὰν
643 2609 686 2659 τοῦ
707 2605 828 2677 δράκοντος

285 2683 404 2758 ἐκγενέτα
425 2690 465 2739 τοῦ
485 2682 601 2748 Πενθέως.
644 2683 827 2739 Hermannus

284 2764 378 2822 Elem.
402 2763 504 2820 Doc'tr.
526 2762 613 2820 Metr.
639 2783 667 2839 p.
686 2779 750 2836 123.
793 2763 828 2818 Ινο

282 2852 418 2920 postremo
445 2845 566 2916 dentque,
594 2845 640 2917 qai
667 2861 721 2898 νοονν
748 2843 829 2898 habet

287 2925 520 2998 antistrophieum,
534 2926 576 2979 ita
588 2925 714 2980 molestus
727 2931 767 2980 est
779 2941 827 2980 ar·

287 3007 386 3061 ticutus
399 3011 464 3060 ante
476 3003 591 3070 Πενθέος,
606 3013 639 3060 et
658 3023 719 3060 eum
731 3011 781 3060 eut
793 3005 828 3060 ab

285 3087 430 3157 interprete
444 3081 587 3154 adjectum,
602 3087 704 3140 autad
720 3091 827 3160 postre-

285 3183 358 3220 mam
377 3163 510 3234 syllabam
529 3165 601 3218 vocis
621 3163 737 3237 ἐκγενέτα
755 3182 827 3220 eorn-

876 1827 960 1885 quem
981 1805 1107 1883 speciose
1127 1805 1299 1883 Tyrwhittus
1319 1827 1419 1866 emen·

877 1888 933 1945 dat.
969 1887 1042 1943 Sunt
1061 1897 1157 1942 tamen
1171 1885 1200 1942 in
1214 1885 1268 1954 his,
1281 1907 1353 1964 quae
1374 1901 1419 1946 at-

876 1966 981 2026 tentius
995 1965 1181 2024 consideranti
1191 1986 1249 2023 non
1259 1986 1420 2044 usquequa·

877 2067 931 2124 que
951 2045 1235 2124 satisfaciant—Ego
1248 2066 1312 2104 vero
1330 2047 1422 2116 ulcus,

877 2147 935 2185 non
949 2125 1062 2204 quidem
1076 2126 1146 2184 adeo
1165 2125 1224 2184 leni
1244 2126 1362 2196 medela,
1378 2126 1422 2186 sic

876 2219 973 2265 tamen
989 2204 1081 2264 sanari
1095 2225 1179 2283 posse
1192 2205 1339 2264 existimo:
1361 2211 1421 2283 νοίρ-

877 2291 940 2357 θηκα
966 2311 995 2343 τε
1018 2288 1139 2361 naiores,
1162 2290 1242 2343 ἀκίδα
1263 2292 1286 2342 τ’
1304 2282 1310 2365 Ι
1327 2284 1422 2358 ἔλαβεν

876 2365 992 2442 ἕνθυροον.
1013 2367 1226 2425 Mussnavrus.
1266 2367 1359 2425 Voces
1376 2391 1420 2423 το-

877 2448 936 2503 οτόν
967 2448 1048 2513 ἀΐδαο,
1079 2444 1191 2503 uncinis
1224 2457 1328 2524 septae,
1362 2445 1422 2504 vitii

877 2537 1038 2603 compertae
1058 2537 1133 2583 sunt.
1166 2525 1318 2604 Ingeniose
1336 2527 1422 2584 Mus-

876 2605 985 2684 gravius
998 2603 1125 2678 conjicit:
1142 2608 1249 2680 νθρθηκοί
1259 2630 1288 2664 σε
1297 2611 1421 2682 παθστορ’,

875 2689 954 2742 ἀκίδα
970 2690 994 2741 τ’
1013 2681 1018 2764 Ι
1036 2683 1127 2754 ἔλαβεν
1143 2683 1260 2761 ἕνθνρσον.
1295 2687 1351 2744 Sed
1365 2688 1422 2746 hoc

876 2764 960 2822 etiam
985 2775 1017 2820 ut
1040 2775 1203 2841 persanetur
1225 2765 1315 2834 uleus,
1334 2785 1419 2844 expe-

877 2845 1007 2903 ctandam
1042 2843 1125 2902 credo
1158 2843 1282 2903 melioris
1316 2845 1421 2904 codicis

877 2945 970 3003 opem.
984 2925 1177 2982 Bounomos.
1197 2925 1376 3004 Musgravius
1389 2925 1420 2984 in

878 3004 1089 3083 supplemento:
1105 3008 1212 3081 νάρθηκά
1223 3030 1253 3062 τε
1263 3008 1374 3064 πλαστὸν
1385 3003 1420 3063 ei'·

877 3097 925 3142 λοον
938 3082 1012 3155 ἔλαβ’
1027 3090 1065 3142 ἐπ’
1077 3085 1194 3160 εὔθυρσον.
1227 3084 1257 3142 Si
1276 3084 1422 3164 ingeniose

877 3163 1063 3243 Musgravius,
1072 3164 1157 3241 longe
1166 3163 1346 3242 ingeniosius,
1357 3183 1422 3224 mea

284 3259 392 3298 inanem
408 3243 522 3312 genitivi
533 3239 659 3314 sormam
671 3265 712 3297 του
725 3245 827 3298 adsert-
877 3244 990 3321 quidem
1011 3243 1158 3312 sententia,
1172 3245 1353 3323 Tyrwhittus,
1368 3265 1419 3304 cu-

280 3317 358 3396 ptam
364 3319 455 3394 fuisse
464 3326 568 3392 putem.
597 3322 698 3376 Deleto
711 3323 827 3378 articulo
872 3323 920 3398 jus
933 3322 1123 3397 conjecturam
1138 3324 1222 3384 laudo
1234 3325 1356 3402 quidem,
1370 3325 1422 3384 sed

284 3419 375 3457 versus
385 3418 418 3455 ee
427 3399 540 3454 iambico
551 3407 714 3455 nwnometro
729 3401 827 3475 hyper-
877 3404 1079 3462 admittendam
1103 3424 1163 3465 non
1188 3424 1298 3464 censeo.
1339 3407 1419 3464 Mat-

285 3482 417 3538 eoteteeto
430 3487 457 3535 et
469 3479 591 3536 dochmto
604 3481 744 3536 constabit.
765 3481 825 3538 Pal.
876 3484 951 3542 thiae
970 3503 1004 3540 ex
1024 3481 1186 3558 conjectura
1207 3484 1323 3545 Seidleri
1341 3487 1419 3561 πικρὸν

285 3560 403 3634 ἐκγενέτα
415 3559 514 3625 τενθέος
529 3557 590 3616 sine
603 3557 728 3628 articulo,
742 3580 826 3636 quem
875 3565 956 3620 ἀΐδαο.
977 3563 1325 3644 &somniantiumque
1338 3564 1419 3642 quid·

285 3650 392 3697 etextu
405 3634 502 3696 delevi.
537 3638 594 3696 Sed
613 3649 688 3697 reete
705 3651 827 3699 statuere
876 3663 959 3720 quam
973 3643 1074 3703 melius
1085 3645 1176 3704 habeo
1188 3645 1421 3724 interpretatione

284 3719 354 3777 mihi
369 3719 476 3778 videtur
488 3717 650 3796 Burgesius‚
663 3738 721 3777 non
735 3720 826 3778 solum
875 3723 1005 3792 Brodaei‚
1020 3723 1068 3801 qui
1082 3727 1166 3784 verba
1184 3728 1271 3783 πιστὸν
1284 3729 1357 3785 ἀΐδιον
1369 3745 1418 3783 err-

284 3807 334 3866 τοῦ,
356 3818 451 3856 verum
474 3797 560 3856 etiam
581 3800 689 3866 Πενθέος
708 3799 827 3859 librariis
875 3802 980 3881 plicat:
1004 3813 1105 3864 certam
1118 3826 1153 3864 oe
1165 3806 1336 3882 moysetum
1348 3808 1421 3863 neeis

284 3877 388 3935 deberi.
439 3875 605 3950 Cujusmodi
637 3878 828 3940 additamenta
875 3903 941 3941 suae
954 3904 1073 3943 eausam.

285 3957 358 4035 apud
371 3955 537 4033 Euripidem
556 3971 622 4017 sunt
635 3967 765 4027 Καπανεὺς
779 3962 828 4034 (de
920 3966 1005 4040 1156.
1019 3966 1064 4022 Ita
1073 3963 1219 4041 distinguit
1231 3962 1337 4021 Aldus:
1354 3960 1417 4022 ἔλα·

285 4057 341 4115 quo
350 4049 424 4094 recte
427 4035 537 4110 judicat
543 4039 709 4115 Barnesius)
719 4041 827 4100 Phoen.
875 4047 928 4116 βεν,
939 4045 1055 4119 εὔθυρσον,
1073 4040 1079 4122 Ι
1096 4051 1180 4118 ταῦρον
1191 4047 1341 4118 προηγητῆρα
1351 4068 1418 4117 τορο-

288 4119 354 4176 186.
370 4117 527 4194 ΚότροςΙρΙο.
538 4120 572 4176 A.
582 4137 667 4194 1303.
677 4123 751 4195 Τροία
759 4122 826 4179 Τεο.
875 4131 951 4201 φορᾶς
959 4122 1028 4194 ἔχου.
1044 4123 1226 4180 Hermannus
1236 4123 1345 4198 εὔθυρσον
1354 4131 1419 4182 τοῦ·

287 4199 354 4273 825.
365 4196 432 4272 Ἥρα
446 4197 514 4254 Hel.
527 4214 593 4272 247.
608 4212 637 4257 et
649 4198 712 4257 alia
875 4227 911 4278 ρον
929 4200 1084 4280 conjungit.
1126 4202 1221 4260 Ceteri
1241 4203 1298 4260 sere
1317 4222 1418 4264 omnes

330 4297 360 4335 11
367 4292 382 4352 5
387 4295 414 4352 5.
439 4277 553 4351 [Aldus:
576 4284 682 4354 νάρθηκά
700 4305 727 4336 σε
740 4283 827 4338 πιστὸν
875 4286 981 4356 νάρθηκα
994 4282 1110 4356 εὔθυρσον,
1125 4281 1182 4340 fere
1202 4295 1235 4340 ut
1252 4289 1365 4357 κάματον
1378 4291 1419 4342 εὖ·

283 4359 378 4430 dadem]
421 4357 523 4416 Malim
542 4361 628 4417 τνστόν
645 4361 715 4426 etta,
733 4364 827 4418 mortis
874 4366 987 4434 κάματον
1000 4381 1026 4420 v.
1035 4363 1084 4420 66.
1105 4363 1207 4441 Neque
1216 4364 1302 4442 longe
1312 4363 1423 4423 diversa

279 4438 388 4510 pignus.
411 4439 584 4498 Hsarmus.
617 4437 676 4508 ‚Qui
690 4439 759 4498 haec
773 4440 825 4498 mi-
875 4453 941 4500 sunt
954 4441 1016 4502 πόδα
1030 4443 1333 4522 τυφλότουνοεείωἱῑὶο.

648 4894 836 5072 Γ
