3194 5102
276 175 297 232 s
414 157 417 164 ⁴
695 131 993 234 rannrnrro.
1041 118 1047 126 ’

327 330 439 412 PAR.
463 338 511 412 G.
554 337 760 410 Parisiens'is
776 337 923 435 ⁴Regiae
941 329 1335 431 -Bibliothecae'2817.
1361 341 1421 414 cui

191 529 201 544 ‚
280 447 513 524 convenirent
531 448 653 522 omnia
670 475 761 546 quae
778 449 823 523 de
840 452 918 524 Par.
935 451 980 523 E.
997 450 1085 540 dixi,
1101 451 1169 524 nisi
1195 479 1278 532 eum
1306 452 1422 527 nitide

279 556 454 656 scriptum
471 584 548 633 esse
571 561 801 652 monuissem.
850 562 910 634 Ab
938 561 1006 634 hae
1032 562 1130 636 enim
1158 563 1264 638 laude
1287 563 1423 662 longis-

279 671 372 744 sime
397 671 498 744 abest
522 672 601 746 Par.
622 673 669 745 G.
694 673 757 769 qui
782 697 899 770 neque
923 673 1015 746 inter
1041 675 1153 746 bonos
1181 701 1299 773 neque
1327 677 1423 750 inter

278 783 449 883 pulchros
467 785 606 858 codices
624 785 810 860 habendus
827 801 892 860 est.

330 895 543 970 Parisienses
568 895 612 970 E.
626 897 673 970 G.
691 923 710 969 e
729 897 969 971 Laurentiano
985 897 1028 971 C.
1045 899 1220 974 derivatos
1245 927 1322 974 esse
1344 927 1422 974 oer-

279 1009 419 1084 tissimo
436 1011 506 1084 hoc
523 1025 734 1111 argumento
751 1012 841 1085 mihi
859 1025 1021 1086 constare
1032 1012 1183 1102 videtur,
1195 1014 1292 1111 quod
1305 1039 1419 1110 quum

282 1151 407 1198 omnes
423 1126 461 1198 in
478 1125 603 1201 eodem
622 1153 723 1200 versu
741 1127 917 1216 desinant,
933 1153 1004 1199 non
1026 1153 1105 1200 eam
1129 1127 1342 1224 scripturam
1357 1151 1422 1199 ex-

236 1255 243 1270 ·
282 1237 411 1312 hibent
427 1239 652 1330 Parisienses,
668 1265 776 1337 quam
796 1267 817 1313 a
837 1241 952 1339 prima
974 1265 1084 1312 manu
1110 1239 1237 1311 hahuit
1261 1238 1437 1310 Lauren·-¹

281 1352 412 1442 tianus,
438 1353 499 1427 sed
524 1381 616 1444 cam,
641 1381 734 1451 quae
761 1355 799 1427 in
825 1356 887 1428 iilo
915 1383 935 1428 a
956 1367 1153 1428 correctore
1177 1351 1331 1450 reposita
1355 1363 1420 1422 est.

284 1468 322 1540 Si
353 1469 507 1567 primam
543 1468 775 1540 Laurentiani
802 1468 844 1540 C.
874 1469 1084 1566 scripturam
1116 1467 1328 1538 exhiberent
1354 1466 1422 1538 Pa·
1450 1547 1453 1550 ,

283 1581 458 1672 risienses,
475 1609 626 1679 magnus
643 1581 830 1672 dubitandi
846 1583 946 1655 loeus
963 1592 1067 1670 esset,
1078 1587 1204 1652 ‘utrum
1228 1579 1265 1651 hi
1284 1579 1328 1650 ab
1347 1578 1422 1666 illo,

285 1695 441 1771 anethi
463 1708 500 1767 et
521 1695 581 1766 ille
605 1698 651 1782 ab
677 1695 876 1797 antiquiore
899 1693 1055 1790 quodam
1078 1691 1211 1780 codice,
1228 1690 1290 1788 qui
1308 1690 1346 1762 in
1362 1716 1423 1760 eo·

285 1806 368 1882 deni
395 1805 538 1882 fabulae
564 1834 668 1884 versu
697 1806 885 1894 desineret,
902 1833 968 1878 nec
987 1804 1064 1901 jam
1091 1817 1257 1892 exstaret,
1275 1800 1423 1875 derivati

285 1932 415 1994 essent.
464 1919 515 1998 At
531 1920 684 2018 primam
706 1917 939 1993 Laurentiani
956 1916 1179 2018 scripturam,
1197 1941 1289 2014 quae
1305 1942 1351 1988 ex
1369 1941 1423 1986 ar-

284 2033 442 2132 chetypo
460 2031 582 2136 codice
600 2030 697 2104 haud
714 2029 823 2102 dubie
839 2044 917 2102 orta
933 2041 997 2118 est,
1010 2055 1082 2102 non
1101 2029 1274 2104 exhibent
1298 2028 1424 2102 Parisi-

284 2163 398 2230 enses,
415 2139 477 2212 sed
507 2139 699 2216 secundam
724 2168 745 2212 a
767 2154 963 2214 correctore
986 2140 1197 2237 profectam,
1248 2141 1333 2214 Non
1358 2142 1424 2240 igi-

284 2267 344 2327 tur
373 2254 418 2326 ab
442 2253 638 2354 archetypo
663 2253 725 2325 iilo
752 2252 921 2350 descripti
946 2265 1031 2325 sunt
1053 2254 1281 2343 Parisienses,
1307 2281 1424 2352 neque

286 2371 332 2444 ab
350 2369 420 2443 alio
437 2368 512 2464 ejus
530 2368 737 2466 apographo
754 2365 923 2465 descripti
949 2380 1011 2442 aut
1027 2367 1186 2460 derivati,
1203 2369 1265 2442 sed
1283 2371 1328 2442 ab
1346 2370 1424 2468 ipso
1496 2441 1505 2447 .

286 2481 529 2556 Laurentiano
546 2505 567 2552 a
584 2491 780 2554 correctore
791 2477 869 2574 jam
887 2479 1088 2552 emendate.

282 2627 286 2636 ¹
336 2593 478 2668 Eodem
506 2591 718 2690 argumento
742 2589 1023 2667 Laurentianum
1049 2591 1100 2666 D.
1117 2618 1162 2666 ex
1180 2593 1222 2665 C.
1248 2592 1424 2691 originem

286 2703 435 2778 traxisse
462 2703 690 2776 statuendum
719 2716 784 2792 est,
810 2703 894 2774 licet
922 2701 1084 2775 librarius
1113 2716 1267 2802 quatuor
1292 2731 1425 2794 versus,

286 2843 376 2916 quos
394 2816 532 2891 addere
546 2816 731 2915 potuisset,
745 2841 888 2914 prorsus
905 2815 1076 2890 omiserit.
1126 2817 1299 2892 Caussam
1317 2817 1426 2890 omis-

288 2929 397 3002 sionis
415 2955 521 3028 supra
537 2929 701 3006 indicavi.
746 2937 748 2942 ‘
1365 2935 1368 2942 '

339 3045 439 3127 Quid
455 3047 589 3119 facturn
615 3047 662 3120 sit
683 3047 818 3136 codice,
836 3071 908 3142 quo
925 3071 1010 3118 usus
1027 3057 1081 3118 est
1097 3045 1223 3138 Aldus,
1240 3047 1348 3121 hodie
1364 3073 1428 3147 pe·

286 3161 384 3236 nitus
409 3160 602 3259 ignoratur.
651 3161 783 3256 Neque
808 3159 880 3232 duo
906 3159 1079 3258 Stephani
1103 3161 1255 3251 codices,
1271 3189 1361 3259 quos
1388 3163 1425 3236 in

285 3277 412 3349 itinere
438 3273 567 3348 Italico
593 3273 789 3371 inspexisse
815 3299 852 3343 se
878 3272 939 3360 ait,
962 3273 1154 3370 quisquam
1181 3291 1321 3376 praeter
1342 3304 1424 3351 eum

287 3415 448 3488 unquam
466 3388 596 3462 vidisse
611 3386 762 3459 videtur.
813 3385 885 3458 Sed
905 3399 1011 3478 recte,
1027 3388 1165 3486 opinor,
1182 3390 1226 3463 de
1244 3391 1286 3464 iis
1304 3393 1429 3466 statuit

288 3503 494 3581 Brunckius
518 3502 613 3576 adv.
641 3526 726 3573 suae
753 3499 809 3570 ed.
837 3512 921 3572 231.
948 3512 1090 3572 nostrae
1115 3515 1199 3574 235.
1249 3503 1295 3575 ln
1318 3504 1430 3577 libro-

289 3646 369 3698 rum
387 3616 652 3717 deperditorum
672 3639 822 3685 numero
840 3612 1026 3685 habendus
1044 3626 1097 3686 est
1113 3615 1221 3688 etiam
1240 3614 1322 3690 MS.
1340 3616 1429 3691 Cot-

291 3900 510 3972 oeote'ocr.44a.
529 3899 669 3972 ἀνθρωπίνης
689 3911 739 3971 pro
755 3894 838 3961 drmit
887 3889 972 3948 Laus.
987 3893 1019 3948 C.
1035 3888 1081 3965 qui
1102 3897 1180 3947 κοινῶν
1193 3903 1225 3948 ut
1243 3880 1335 3970 vulgo.
1369 3894 1429 3954 Eo.
1543 3899 1546 3903 ·

157 3981 168 3996 ²
295 4001 321 4038 v.
339 3979 410 4052 448.
431 3981 514 4051 ἀγρίου
538 3995 588 4052 pro
611 3977 704 4050 ἀγρίους
728 3993 752 4029 v.
768 3973 837 4046 699.
887 3969 950 4026 dem
963 3981 1127 4046 argumento
1139 3969 1317 4044 rejiciendum
1332 3970 1432 4042 ἦνᾶξια

295 4067 381 4120 καινῶν
396 4076 447 4136 pro
458 4062 538 4118 κωνῦν
556 4073 581 4110 v.
597 4068 664 4126 714.
700 4053 766 4110 Hoc
778 4077 836 4108 xm·
888 4069 913 4105 v.
931 4050 996 4120 246.
1012 4047 1119 4124 aliaque
1133 4050 1278 4120 nonnulla,
1294 4073 1365 4128 quae
1380 4073 1431 4130 pro

294 4148 347 4210 νῦν,
362 4137 437 4216 quod
451 4133 565 4194 admisit
578 4131 762 4208 Musgravius,
779 4151 837 4188 me·
888 4126 958 4186 veris
969 4127 1062 4186 haberi
1074 4142 1197 4204 possent,
1208 4131 1230 4190 si
1243 4151 1300 4190 non
1310 4132 1432 4212 nrnplius

297 4240 359 4283 rum
374 4213 477 4278 librarii
492 4233 613 4276 errorem
634 4231 695 4274 esse
715 4208 839 4276 ostendit
888 4218 1008 4266 exstaret
1021 4209 1106 4268 Laui.
1121 4213 1153 4268 C.

759 4444 841 4524 s-
