3226 5104
328 217 404 308 raa
612 237 918 304 arrrnraor
952 238 1172 319 aaaxur.

320 434 391 499 ΑΓ.
433 415 568 503 Hadria
586 417 708 507 ίλοιλο,
728 421 816 502 arcis
833 421 981 516 Ἐχίονος
999 419 1139 528 σοιτρίε.

321 555 399 620 XO.
422 537 538 644 Ὤνοιξ
557 539 685 645 Βρίριιε,
708 544 767 618 acl
786 537 856 646 γοὶρ
875 538 942 626 θεὶς
962 545 1070 646 φοιίνει
1089 540 1217 647 μείγοιε.
1387 574 1469 624 1030

318 679 390 744 ΑΓ.
431 663 512 748 nuic
530 662 618 766 φνίςς
645 663 682 740 τί
697 664 778 768 τοῧτ’
800 661 942 769 idaiam
972 658 1060 756 ii’rrl
1080 668 1149 749 τοῖς
1167 666 1260 770 ipris

427 791 558 897 χοιίρεις
578 785 696 871 macir
712 783 901 892 σροίσσονσι
923 782 1118 878 dminus,
1137 785 1259 890 γίνοιις

318 925 397 990 XO.
428 907 548 1018 Εὐέζω
566 905 642 1016 {fra
660 906 781 1013 με’λεσι
799 907 998 1016 βοιρβσίροις.
1103 939 1107 948 ’

427 1033 532 1115 οὐκέτι
550 1032 620 1139 γοῖρ
638 1028 767 1137 latratis
785 1033 848 1112 tisri
868 1035 969 1143 φίβρν
988 1039 1140 1130 πτήσσω.

317 1176 387 1240 ΑΓ.
428 1161 553 1253 Θηβονς
573 1154 605 1238 d'
626 1151 796 1265 drairdpour
816 1151 875 1235 οἷδ’
896 1156 1017 1259 ἄγονος
1378 1196 1458 1246 1035
1570 1173 1573 1178 ’

316 1303 395 1368 XO.
424 1287 470 1367 ‘0
490 1286 656 1373 Διίννσος,
678 1292 692 1362 o‘
714 1281 882 1372 Διίννσος,
904 1289 938 1361 οὐ
957 1282 1076 1378 Θῆβαι
1379 1315 1462 1374 1036

428 1410 547 1521 κροίτος
566 1411 673 1508 ίχονσ’
695 1411 782 1524 ἒριίν.
1355 1425 1459 1502 1036*

315 1550 386 1615 ΑΓ.
429 1527 662 1635 ’Σνγγνιοστέι
675 1527 734 1637 ριέι
748 1563 812 1608 σοι.
833 1528 922 1624 πλην
937 1533 988 1612 ἐπ’
1005 1534 1266 1642 ἑξειργοισριενοις
1302 1565 1457 1627 raama

314 1767 392 1826 tibus
404 1779 470 1826 aute
482 1763 666 1831 Brunckium,
678 1761 725 1838 qui
737 1761 824 1834 tacite
835 1788 861 1818 τι
911 1764 1051 1844 Seidlerua
1078 1786 1107 1843 p.
1134 1767 1201 1840 264.
1243 1768 1336 1829 Quem
1364 1769 1459 1839 laudo,

312 1852 408 1922 μηνύεις
421 1846 506 1905 dedit.
547 1843 713 1902 Schaeferua
733 1853 762 1900 et
781 1843 860 1900 Mat·
910 1845 986 1920 quod
1008 1844 1102 1921 potius
1124 1846 1257 1922 proodos,
1277 1849 1409 1906 mesodos
1429 1862 1460 1908 et

313 1926 389 1984 thiae
403 1945 512 1984 rursum
526 1928 555 1981 τί
570 1927 672 1997 μηνύεις.
713 1922 777 1998 Ego
796 1941 861 1979 vero
911 1924 1016 2000 epodos
1036 1923 1125 2002 fingit,
1141 1937 1191 1982 aut
1208 1944 1303 1984 versus
1324 1927 1459 1988 excidisse

314 2005 438 2064 revocavi
451 2031 477 2062 τι
490 2008 592 2078 μηνύεις.
617 2001 788 2060 subauditur
800 2009 860 2074 μῶν,
910 2003 1018 2072 statuit,
1033 2024 1118 2080 quam
1132 2023 1181 2062 eos
1195 2003 1330 2074 imitatur,
1345 2008 1393 2084 qui
1406 2028 1457 2066 eo-

313 2087 390 2162 quod
404 2085 531 2143 additum
542 2084 628 2141 habet
638 2091 734 2139 noster
745 2081 859 2138 Heracl.
910 2083 974 2140 dem
990 2083 1145 2140 carminum
1162 2087 1457 2163 monostrophicorum

314 2169 432 2241 795.·'rl
448 2169 467 2222 δ’
482 2162 557 2230 ἔστι;
578 2169 629 2234 pbr
642 2185 667 2216 τι
681 2161 759 2217 κεδνὸν
771 2163 859 2235 lynci-
910 2161 976 2220 odio
996 2161 1105 2230 imbuti,
1120 2163 1247 2221 carmina
1265 2185 1379 2242 prorsus
1401 2188 1456 2227 uo·

311 2251 384 2316 ζετο;
408 2243 475 2301 Sine
487 2250 538 2316 μύν
551 2240 618 2299 ibid.
634 2241 702 2314 382.
713 2232 750 2295 'n
763 2247 818 2307 τσῒ,
834 2243 863 2295 τύ
909 2262 942 2298 va
956 2242 1094 2300 veteribus
1109 2242 1294 2302 substituunt.

311 2349 352 2397 μοι
363 2328 471 2379 σύννοιαν
480 2322 591 2395 ’ίριροοισιν
601 2321 677 2397 φέρειν
694 2314 699 2397 Ι
717 2319 795 2388 ἤκειςς
810 2319 859 2374 νέον
953 2339 1038 2396 1033.
1057 2322 1211 2398 Sophocles
1223 2325 1292 2382 Ant.
1307 2343 1392 2400 1130.
1402 2315 1448 2383 elai

311 2427 337 2458 τι
350 2405 468 2474 πολεμίων
481 2403 561 2472 λε’·γεις
572 2401 642 2474 σε’ρι;
666 2400 793 2456 Praestat
807 2417 857 2455 au·
907 2425 937 2458 σε
959 2404 1074 2458 Νυσαίων
1097 2403 1164 2478 ὄρέινν
1181 2398 1186 2482 Ι
1203 2406 1325 2479 κισσήρεις
1344 2403 1428 2478 ὄχθαι,

310 2494 369 2540 tem
397 2478 535 2537 Brunclrii
562 2478 709 2554 scriptura,
734 2476 799 2552 quia
825 2496 858 2534 ea
906 2486 991 2555 χλωρά
1010 2488 1034 2537 τ’
1055 2486 1124 2538 ἀκτὰ
1143 2488 1332 2560 πολυστάφυλος
1351 2484 1453 2558 σε’μτει,

311 2559 433 2618 admissa
453 2558 548 2636 paullo
569 2555 744 2614 numerosior
764 2555 857 2614 evadit
923 2555 1055 2638 Ιάβρύτον
1068 2561 1141 2618 ἐτέον
1158 2567 1296 2634 araxenus,
1315 2558 1320 2643 Ι
1338 2567 1456 2636 Θηβαίας

310 2659 413 2708 versus,
424 2638 529 2715 quippe
538 2635 587 2714 qui
597 2654 739 2694 caesuram
754 2635 857 2692 habeat
906 2645 1069 2696 ἐπισκοποῦντ’
1092 2645 1190 2714 ἁγνούς.
1233 2642 1351 2719 Saepius
1378 2646 1454 2721 apud

310 2717 467 2778 necessario
477 2720 637 2796 ἑφθημιμερῆ.
655 2717 794 2772 'flantem
809 2714 853 2772 in·
905 2718 1026 2796 tragicos
1041 2738 1097 2776 nou
1118 2719 1220 2797 legitur
1233 2726 1319 2793 εύοίζο,
1334 2724 1410 2799 quod
1426 2723 1454 2782 si

308 2798 517 2878 terrogativum,
533 2797 608 2873 quod
624 2814 690 2852 cum
711 2793 854 2870 sequeuti-
904 2804 955 2854 εύοῒ
971 2800 1090 2855 clamore
1108 2797 1257 2876 significat,
1269 2821 1452 2862 communem
1497 2833 1510 2852 ο

249 2935 254 2946 ,
308 2881 362 2938 bus
375 2879 568 2957 potiusquam
581 2895 645 2933 cum
661 2873 853 2952 praecedenti·
903 2877 1003 2934 horum
1032 2878 1177 2936 verborum
1205 2880 1362 2959 analogiam
1390 2903 1451 2942 non

308 2961 361 3016 bus
380 2958 470 3018 verbis
490 2954 624 3034 conjungi
645 2966 730 3022 amat,
744 2973 853 3012 versum
903 2955 1036 3032 sequitur.
1058 2957 1135 3014 Nam
1146 2964 1233 3030 αἰάζω,
1244 2965 1450 3034 madata,

308 3038 338 3095 in
352 3039 409 3096 duo
422 3035 598 3094 hemistichia
614 3033 741 3111 aequalia
760 3033 853 3090 minus
902 3041 1002 3109 οἰμύζο,
1016 3041 1129 3108 ὂλολύζο,
1144 3042 1255 3110 demto,
1269 3044 1349 3117 φεύζο
1362 3053 1392 3099 et
1409 3041 1449 3100 si-

307 3136 458 3175 uumerose
481 3113 631 3173 distribuit.
672 3113 744 3170 Vide
763 3113 853 3171 Diarii
902 3115 981 3172 milia
1001 3129 1113 3174 mutant
1132 3123 1148 3188 ζ
1169 3117 1197 3176 in
1217 3117 1241 3186 ξ,
1262 3126 1448 3194 oteramo,

307 3195 424 3253 Classici
450 3197 485 3252 T.
512 3194 594 3250 VIII.
623 3212 651 3269 p.
675 3193 745 3265 428.
773 3213 851 3269 seqq.
901 3193 1085 3269 ἀλοιλάξομοοιε
1115 3202 1191 3268 stuza
1220 3217 1286 3257 vero
1313 3198 1343 3256 ln
1365 3227 1393 3270 σ,
1415 3215 1449 3260 ut

305 3274 421 3334 Deinde
431 3270 589 3331 sententiae
598 3270 686 3348 magia
695 3291 851 3347 congruum
901 3275 1056 3332 ostendunt
1076 3276 1197 3334 verbalia
1216 3279 1319 3353 εύοισμοι
1337 3292 1367 3338 et
1388 3288 1448 3339 εύοο·

304 3366 358 3422 est,
383 3366 416 3412 ut
443 3351 538 3431 potius
565 3349 698 3427 suspicari
725 3350 852 3408 videatur
901 3356 972 3430 στῆρ.
994 3354 1026 3412 Si
1035 3354 1175 3433 significat
1186 3360 1302 3431 βωιχεύο
1311 3357 1368 3418 sive
1379 3364 1448 3432 βας.

304 3437 416 3503 chorus,
440 3451 525 3510 quarn
548 3450 600 3508 pro
625 3441 703 3488 certo
726 3429 797 3488 scire
821 3449 851 3488 se
899 3439 988 3506 χιοίζο,
1023 3434 1168 3514 analogiae
1207 3458 1265 3496 nou
1299 3453 1447 3518 repugnat.

303 3516 444 3582 ostendat,
459 3510 657 3577 calamitatem,
674 3509 709 3566 de
723 3529 778 3585 qua
791 3509 850 3588 agi·
901 3514 989 3571 Hunc
1013 3534 1127 3574 sensum
1156 3517 1230 3574 haud
1253 3517 1338 3575 dubie
1361 3521 1449 3580 habet

303 3609 359 3664 tur,
380 3593 455 3674 apud
474 3592 602 3650 Bacchas
626 3590 655 3647 in
681 3589 850 3648 Cithaerone
899 3597 988 3664 εύιούζει
1003 3595 1076 3672 apud
1090 3595 1251 3672 Euripidem
1264 3597 1342 3672 Cycl.
1353 3616 1425 3672 492.

302 3685 511 3734 commorantes
525 3669 668 3729 accidisse.
944 3690 1029 3749 1035.
1052 3674 1182 3732 Senarius
1196 3687 1239 3733 est
1251 3675 1280 3732 in
1291 3676 1347 3732 fine
1357 3679 1446 3737 muti·

347 3773 434 3829 1030.
455 3745 848 3825 Ρο1.ἆ”ναξβρίμιεθεὶςφαί·
898 3752 1165 3812 lus.Bnouc-a1os.
1206 3757 1274 3812 Non
1296 3774 1382 3814 unam
1401 3759 1446 3817 di-

301 3859 328 3903 οη
340 3835 430 3908 μέρος.
472 3833 566 3889 Verba
579 3833 622 3887 κοιὶ
635 3834 684 3904 γὰρ
702 3840 777 3885 recte
798 3830 847 3885 ab·
898 3832 1010 3909 podiam
1032 3836 1080 3891 sed
1102 3844 1221 3910 quatuor
1246 3833 1343 3892 deesse
1369 3837 1446 3896 arbi·

299 3932 362 3970 csse
382 3909 517 3988 suspicor,
533 3922 565 3967 ut
585 3929 679 3968 versus
700 3907 845 3965 dochmia·
896 3923 985 3970 tratur
1006 3912 1155 3980 Seidlerus,
1175 3913 1222 3988 qui
1244 3931 1337 3972 versus
1355 3919 1444 3992 1036.

300 4011 350 4051 cus
364 3990 409 4058 sit,
421 3989 535 4047 licetne
549 3989 713 4066 sicquidem
724 3988 845 4044 exomni
899 3993 1007 4065 1036*.
1018 3992 1271 4068 'prrpblaappellat

298 4084 379 4152 parte
392 4088 486 4128 sanus.
938 4087 1023 4145 1037.
1050 4070 1127 4128 Huic
1148 4071 1239 4130 versui
1260 4073 1357 4132 nuncii
1377 4095 1443 4153 per-

267 4179 270 4185 ν
344 4168 430 4225 1031.
450 4148 539 4205 Aldus
552 4146 567 4216 ἦ
580 4149 616 4204 ’τὶ
625 4155 674 4214 τοῖς
683 4153 757 4220 ἐμοῖς,
769 4146 845 4223 quod
894 4169 993 4206 sonam
1007 4161 1082 4207 recte
1092 4149 1227 4241 praefigit
1246 4152 1346 4212 Aldus.
1379 4157 1442 4216 Pal.

297 4230 417 4290 correxit
430 4225 598 4287 Brunclrius.
894 4249 958 4286 vcro
971 4240 1109 4305 sequenti.

342 4313 548 4385 1033-1040.
563 4307 607 4362 Ex
617 4304 661 4362 his
671 4324 772 4363 novem
783 4325 844 4362 ver·
936 4310 1004 4366 lbid.
1025 4311 1132 4368 Noster
1144 4310 1226 4369 Med.
1241 4327 1310 4388 703.
1325 4323 1439 4390 torpes

296 4389 374 4450 sibus
391 4408 504 4450 carmen
525 4383 762 4462 antistrophicum
776 4383 845 4444 fecit
893 4392 946 4446 ατὰ
958 4388 1005 4466 μὲν
1017 4393 1066 4467 pap
1080 4385 1108 4461 ἦν
1120 4413 1151 4450 σε
1165 4397 1307 4467 λητεῒσθοιι,
1321 4401 1402 4470 γύναι.

490 4782 1181 5080 „s

1602 4431 1606 4536 l
