3220 5102
446 206 750 274 srrtntuor
784 209 1002 276 nsrxsr.
1239 213 1291 296 os

164 402 225 467 ΔΙ.
271 385 393 480 Eric-or
411 382 505 467 rro'd'.
536 395 611 501 ὀργῇ
630 381 663 468 d'
683 386 799 472 bile
816 388 936 485 ἥσυχον
953 384 1057 472 nlla.
1142 481 1150 494 .
1270 397 1280 404 ’

165 525 239 594 ΠΕ.
272 506 370 589 nider
387 507 428 588 rb
447 504 560 615 deo-peis
579 503 763 612 dictovydu,
784 509 845 616 ἔξω
863 519 986 619 περᾷςς

140 646 227 709 ht.
274 635 352 709 Οὐκ
370 627 476 724 εἴποις
507 636 565 710 οὐκ
583 627 741 723 ἤκουσας,
760 631 807 713 ‘ln
829 631 943 712 Ιλύσει
961 631 1093 739 με’τνςς
1187 656 1267 706 ¹tv‘m

166 769 239 833 ΠΕ.
273 755 349 848 Τῖςς
378 752 452 838 robe
469 755 593 855 λέγιυς
610 752 679 861 γίιρ
698 751 854 863 εἰσφέρεις
873 754 1002 840 amarias
1019 759 1083 835 ιἰεί.

166 895 227 959 ΔΙ.
266 877 336 963 Ὃς
353 875 406 970 riu
424 877 628 984 πιλῦβιτρυν
645 876 802 984 ἄμπελον
820 879 893 982 φύεν
912 883 1049 986 βροτοῖς.
1236 903 1301 963 650

165 1015 239 1079 ΠΕ.
271 994 461 1084 'nisidio-ac
479 993 517 1092 dir
535 1001 625 1078 τοῦτο
645 998 789 1108 Διονύσῳ
809 1003 924 1080 achia.
1068 995 1070 998 ⁵

206 1259 274 1333 646.
299 1261 411 1331 Ἦσνχιν
428 1260 498 1318 ιιόδιι.
535 1259 707 1318 Meudosum
803 1261 871 1316 lbtd.
892 1261 1001 1318 Omnes
1015 1260 1077 1318 libri
1091 1265 1169 1328 λύσει,
1181 1272 1214 1318 ut
1227 1259 1301 1320 vide·

165 1358 226 1398 esse
238 1339 301 1396 roba
313 1337 418 1396 indicat
437 1337 530 1416 primb
544 1337 643 1396 eadem
657 1358 709 1396 vox
759 1351 812 1397 tur.
847 1339 947 1398 Paullo
963 1339 1062 1398 melius
1082 1352 1156 1398 esset
1174 1345 1252 1407 tucos,
1267 1341 1302 1398 de

112 1453 116 1463 ι
165 1418 195 1476 in
216 1417 297 1476 initio
317 1437 412 1476 versus
436 1437 593 1486 occurrens,
608 1417 710 1500 deinde
758 1416 933 1495 quovidead
947 1419 1094 1496 Sophoclis
1105 1420 1301 1494 Oed.'l¹.713.

164 1517 238 1565 vero,
248 1498 323 1574 quod
335 1497 443 1554 nullum
452 1498 633 1558 commodum
645 1516 708 1556 sen.-
758 1496 804 1556 ubi
820 1496 865 1554 alii
879 1497 941 1555 libri
955 1497 1015 1568 ἥξει,
1029 1499 1076 1556 alii
1089 1497 1149 1569 ἥξοι.

165 1573 324 1636 sumhabet
333 1577 422 1647 ἥσυχον
428 1577 491 1634 'riba
500 1580 555 1652 642γῇ
565 1577 707 1634 ὑποτιθέναι.
799 1577 868 1652 649.
889 1578 1068 1656 Hervugiuna
1084 1578 1205 1637 secunda
1215 1576 1302 1636 aliae-

165 1656 344 1734 Legendum,
359 1655 389 1712 ni
403 1655 492 1723 fallor,
509 1657 599 1727 ἥσνχιν
617 1663 708 1730 speras,
758 1676 813 1733 que
825 1657 978 1715 nonnullae
997 1663 1081 1724 κενοὺς.
1117 1660 1256 1716 Cantetus
1270 1677 1305 1716 ex

165 1735 183 1792 i.
198 1755 225 1792 e.
240 1737 352 1807 ἡσυχίαν.
373 1735 588 1792 Muscasvws.
629 1734 709 1792 Idem
759 1733 936 1808 conjectura,
950 1737 980 1794 ni
1000 1737 1089 1804 fallor,
1111 1741 1203 1803 καινοὺς
1223 1755 1302 1794 revo-

165 1813 205 1872 ita
226 1814 443 1890 interpretatur:
477 1816 549 1871 Siste
565 1815 668 1888 pedem,
683 1821 710 1870 et
759 1815 841 1872 cavit.
862 1816 979 1873 Nullam
993 1815 1070 1873 enim
1083 1815 1227 1893 Euripidis
1242 1814 1302 1874 edi-

166 1897 355 1970 quietemiroe
367 1892 476 1964 subjice.
512 1894 710 1968 Conjecturam
760 1893 875 1960 tionem,
891 1906 1001 1970 praeter
1021 1895 1228 1972 Hervagianam
1246 1906 1303 1952 ter·

166 1978 228 2051 ejus
242 1992 259 2029 a
272 1971 414 2030 Brunchio
433 1970 583 2028 admissam
598 1970 711 2047 repudi·
762 1971 841 2036 tiam,
856 1972 1008 2048 inspexisse
1021 1972 1137 2029 videtur.

167 2052 226 2110 avit
238 2049 386 2108 Matthiae.
414 2049 489 2106 Mihi
502 2067 612 2125 quoque
626 2048 713 2106 inuti·
754 2099 755 2104 ,
803 2051 972 2124 656-658,
994 2051 1146 2112 Quomodo
1158 2051 1187 2108 in
1197 2051 1241 2108 his
1252 2070 1304 2109 no·

165 2131 201 2190 lis
217 2130 332 2188 videtur.
366 2128 446 2186 Nihil
464 2127 540 2185 enim
558 2127 714 2184 sententiae
762 2149 824 2186 vem
839 2129 963 2188 versibus
976 2130 1148 2188 ordinandae
1168 2130 1225 2188 sint
1242 2150 1306 2208 per·

167 2210 263 2275 refert,
278 2221 371 2271 utrum
393 2209 482 2280 ἥσυχον
499 2208 582 2282 τρόπον
600 2226 636 2263 22
652 2208 714 2276 inv-
763 2219 858 2276 s'onae‚
870 2227 928 2266 non
939 2210 1036 2269 eadem
1047 2209 1174 2268 omnium
1187 2221 1231 2268 est
1244 2229 1308 2268 sen-

167 2315 212 2362 χιν
220 2290 284 2346 πόδα
295 2288 413 2366 legatur.
434 2285 506 2348 Quis
516 2305 575 2344 non
586 2284 715 2344 meminit
763 2287 860 2346 tentia.
891 2289 980 2346 Aldus
997 2289 1112 2347 Baccho
1126 2289 1225 2348 tribuit
1238 2291 1307 2365 650.

168 2368 291 2428 Medeae
311 2368 456 2424 verborum
477 2386 501 2423 ν.
519 2381 585 2439 227.
599 2372 620 2423 ot
633 2370 653 2422 δ’
666 2371 713 2441 ἀφ’
765 2367 832 2442 652.
843 2369 911 2442 654.
940 2370 1067 2426 Pentheo
1078 2369 1147 2444 651.
1159 2370 1227 2445 653.
1238 2371 1306 2445 655.

167 2451 261 2519 ἡσίχον
273 2447 339 2512 ποδὸς
355 2442 360 2523 Ι
378 2449 508 2503 δύσκλειαν
524 2447 660 2514 ἐκτήσαντο
672 2446 715 2500 καὶ
765 2447 833 2522 657.
849 2448 917 2522 658.
948 2448 1034 2506 Laut.
1049 2461 1112 2506 Vero
1130 2449 1244 2508 Baccho
1259 2447 1308 2507 tri-

167 2529 298 2604 Ιαθυμίαν.
340 2524 399 2583 Ubi
418 2525 517 2582 eodem
531 2522 595 2597 jure
613 2543 670 2600 quo
685 2523 714 2581 in
765 2526 827 2584 buit
837 2527 905 2601 650.
918 2527 953 2602 65
959 2545 986 2600 3.
999 2529 1035 2604 65
1040 2543 1068 2604 5.
1083 2547 1147 2586 cum
1162 2528 1250 2587 trihus
1264 2548 1309 2588 se·

169 2605 291 2666 Bacchis
303 2605 444 2682 vulgatam
460 2603 610 2662 sollicitare
630 2617 713 2680 potu·
765 2606 925 2682 quentibus,
936 2609 1062 2666 Pentheo
1077 2608 1146 2682 651.
1158 2609 1226 2682 652.
1239 2598 1308 2682 654.

169 2686 238 2744 isset
251 2683 439 2762 Musgravius.
463 2683 641 2745 Vocabulum
654 2683 716 2742 ιιᾶδιι
765 2686 858 2747 Quam
879 2685 1017 2744 rationem
1032 2706 1048 2744 e
1061 2688 1147 2744 MSS.
1162 2689 1226 2744 Par.
1241 2689 1310 2744 ado·

170 2764 282 2823 tantulo
302 2763 447 2820 intervallo
463 2763 613 2841 repetitum
627 2775 715 2820 atra·
765 2764 855 2840 ptavit
880 2765 1049 2832 Branchius,
1074 2785 1157 2841 quem
1185 2765 1310 2840 sequitur

172 2844 299 2924 meorum
309 2842 511 2902 consuetudine
521 2842 638 2900 minime
648 2841 715 2898 alie·
765 2842 916 2901 Matthiae.
956 2843 1045 2900 Nulla
1064 2842 1251 2900 controversia
1267 2854 1311 2901 est

171 2943 242 2982 num
265 2934 316 2981 est.
359 2923 438 2980 Dixit
464 2934 567 2988 noster,
597 2919 716 2996 exempli
766 2923 802 2979 de
815 2922 903 2979 tribus
917 2920 1032 2988 ultimis,
1048 2941 1119 2998 quos
1133 2922 1246 2980 Baccho
1260 2921 1310 2980 tri·

171 3021 280 3069 caussa,
300 3021 326 3058 v.
345 3015 413 3076 757.
434 3007 455 3056 ot
475 3005 495 3056 b
516 3005 584 3075 ὀργῇς
602 3005 646 3055 ὅτι
663 2995 668 3076 Ι
686 3004 718 3063 εἰς
767 3002 858 3059 buunt
868 3019 967 3058 omnes
977 3000 1041 3058 edd.
1051 2999 1229 3060 recentiores.
1250 3003 1311 3060 Ne·

168 3083 226 3140 brt?
253 3083 360 3154 ἐχώρουν,
387 3080 508 3156 φερόμενοι
535 3084 639 3149 Βακχῶν
665 3081 724 3142 bro„
767 3097 822 3156 que
835 3077 981 3155 quisquam
995 3081 1064 3155 65ο.
1096 3080 1222 3140 Pentheo
1240 3100 1310 3139 con·

173 3161 261 3220 Plura
273 3158 335 3216 vide
348 3158 383 3215 ad
396 3159 459 3214 lon.
475 3154 636 3222 isthmum
649 3166 718 3228 χαλ-
767 3158 867 3226 tinuat,
896 3171 1004 3236 praeter
1034 3159 1200 3227 Heathium,
1232 3159 1311 3234 cujus

172 3240 250 3298 κέοισι
264 3241 342 3303 νώτοις
361 3237 453 3312 adpossit
470 3233 475 3315 Ι
493 3237 669 3292 taessalatis
682 3231 716 3290 οἶ·
768 3237 991 3314 interpretationi
1015 3240 1113 3298 deesse
1138 3247 1190 3313 μόν
1215 3251 1312 3300 censet

171 3343 214 3377 ιιιν
226 3320 349 3391 ἐκτρίβων,
362 3320 419 3373 θεῶν
436 3312 441 3394 Ι
458 3323 517 3388 μιᾶς
530 3313 608 3391 ἔφυσε
621 3322 717 3382 Μαῖαν,
767 3317 954 3396 Musgravius.
980 3319 1135 3397 Praecipua
1145 3319 1230 3398 igitur
1242 3340 1311 3378 con-

172 3401 230 3471 ἣμ·
244 3399 363 3471 ἐγείνατι.
385 3395 440 3453 Sed
455 3395 580 3451 nondum
594 3405 718 3472 apparet,
769 3397 901 3456 troversia
920 3411 964 3457 est
984 3399 1019 3457 de
1042 3400 1166 3476 quinque
1189 3401 1311 3458 versibus

175 3476 245 3554 quid
258 3474 395 3553 significet
416 3477 506 3541 ὑπόθες.
549 3475 719 3551 Interpretes
769 3479 837 3552 651.
852 3479 921 3552 652.
936 3479 972 3553 65
976 3496 1004 3552 5.
1019 3479 1088 3552 654.
1103 3481 1172 3553 655.
1193 3497 1313 3555 quorum

173 3556 283 3629 subjice.
331 3554 429 3612 Minus
456 3553 619 3631 ambiguum
645 3565 720 3610 esset
769 3557 923 3615 secundum
937 3568 967 3616 et
980 3569 1110 3633 quartum
1130 3554 1244 3614 Baccho
1262 3555 1313 3614 tri·

176 3654 304 3711 suppone,
315 3634 358 3691 vel
372 3633 464 3712 potius
478 3635 614 3691 substitue.
626 3634 720 3692 ¹Pror-
769 3636 831 3695 buit
840 3636 937 3702 Aldus,
945 3654 1032 3711 ¹quem
1046 3633 1170 3709 sequitur
1182 3636 1313 3712 Musgra-

177 3735 225 3775 sus
238 3715 414 3790 ἀπροσδιόνυσον
427 3724 502 3780 sunt,
517 3731 588 3789 quae
609 3710 722 3788 collegit
770 3715 848 3782 vius;
868 3713 1000 3790 primum,
1015 3713 1128 3770 tertium
1143 3723 1172 3770 et
1185 3712 1313 3790 quintum

177 3793 351 3874 Augustinus
366 3794 429 3850 Van
448 3794 582 3850 Staveren
599 3790 721 3849 Miscell.
770 3792 918 3860 Reislrius;
946 3811 1046 3850 omnes
1075 3805 1184 3870 praeter
1213 3811 1314 3852 secun-

179 3877 325 3932 Observat.
339 3874 374 3930 Τ.
389 3873 428 3930 X.
443 3891 471 3949 p.
483 3873 531 3948 98.
561 3869 633 3932 Quis
646 3869 721 3927 enim
771 3873 839 3930 dum
861 3870 1018 3939 Heathius3
1044 3871 1155 3930 tertium
1181 3883 1210 3932 et
1230 3871 1313 3950 quin·

178 3955 214 4012 de
227 3972 310 4012 sensu
324 3954 471 4011 verborum
492 3957 568 4009 θεῖναι
585 3953 649 4008 πόδα
668 3969 738 4026 un·¹
772 3963 833 4010 tum
851 3950 1009 4010 Brunckius
1027 3963 1056 4010 et
1074 3951 1222 4010 Matthiae.
1257 3951 1314 4015 Qui

179 4053 264 4112 quarn
278 4031 432 4092 dubitavit?
772 4050 858 4108 quum
881 4030 1007 4090 codicem
1028 4032 1112 4090 Laur.
1134 4031 1313 4092 consentien-

220 4113 289 4186 648.
309 4112 466 4170 Brunckius
478 4132 493 4170 e
506 4111 593 4169 MSS.
607 4111 668 4167 Par.
683 4116 723 4166 οὐκ
772 4123 830 4170 tem
850 4111 980 4178 habeant,
1003 4110 1033 4168 in
1054 4129 1150 4170 eomm
1175 4110 1316 4171 sententia

180 4188 261 4259 rimu
283 4191 297 4261 ἦ
318 4199 357 4249 οὐκ
370 4191 482 4261 ἤκουσας.
523 4189 600 4254 Quid
621 4190 723 4248 habeat
772 4190 929 4266 acquiesco,
955 4190 1020 4250 licet
1047 4210 1083 4249 ne
1110 4193 1178 4251 haec
1201 4191 1314 4267 quidem

181 4271 267 4332 Laur.
282 4270 385 4330 nescio.
405 4271 528 4348 Vulgata
541 4269 641 4330 melior
654 4267 723 4328 mihi
772 4269 844 4327 ratio
858 4289 892 4328 ex
905 4269 984 4328 omni
998 4282 1076 4348 parte
1089 4270 1158 4330 mihi
1172 4269 1290 4346 placeat.
1347 4335 1351 4347 Ι

181 4349 297 4408 ridetur.
319 4385 320 4388 =
813 4350 881 4424 651.
903 4351 1009 4408 Noster
1027 4351 1106 4411 Med.
1120 4364 1186 4424 514.
1201 4349 1277 4406 raab
1288 4355 1314 4424 γ’
