3220 5102
439 261 744 328 ΕΥΡΙΠΙΔΟΥ
780 261 998 326 BAKxAr.
1217 271 1287 330 101

259 438 374 550 θθρσοιν
392 445 554 543 γλυιοοῒοοι
572 439 710 547 μέλιτος
728 439 863 548 θστοοζον
881 443 962 547 ρὀοιῖ.
989 541 990 546 ¹
1230 469 1293 534 710

260 565 335 646 ὅστ’
357 573 382 646 si
402 564 569 674 ποιρῆσθοι,
589 567 641 646 τὶν
660 562 735 655 θνθν,
755 563 806 646 τὶν
825 567 871 646 nh
888 559 1028 674 θίγοις,

260 695 410 788 εὐχοοῖσιν
429 689 469 774 rit
486 689 658 798 μετῆλθες,
679 700 741 771 εἰσι
764 687 803 772 οἷον
819 689 864 771 τ’
888 727 913 774 ε.

259 813 450 924 ξυνήλθομεν
469 812 505 898 di
522 819 682 912 βουκθλοι
704 822 763 904 sessi
783 815 947 925 ποιμένος,

263 939 369 1020 κοινιῖν
387 941 497 1042 λθγοιν
515 936 671 1026 θύσοντες
688 941 857 1034 ἀλλήλοις
876 940 944 1046 θριν,

261 1067 306 1149 ὡς
324 1059 413 1145 larvis
431 1049 541 1172 θριθσι,
562 1057 738 1172 θοουμοθτοιν
756 1071 783 1145 τ’
804 1064 945 1173 ἐπάξιοι.
1233 1097 1297 1160 715

263 1189 327 1266 ιιοοί
341 1223 393 1273 τις
410 1186 545 1284 πλοθνης
565 1195 640 1272 νοντ’
661 1188 760 1281 derv,
782 1197 841 1273 sos}
860 1191 977 1297 τρίβων
996 1191 1118 1292 λθγονν,

152 1493 208 1534 nus
221 1474 355 1543 sdridest,
371 1493 430 1534 non
449 1474 545 1553 inepte
565 1493 700 1552 reponere
750 1476 877 1552 aliasque
890 1476 1044 1536 nonnullae
1063 1483 1177 1534 νιοσιυόν
1196 1475 1296 1534 eodem

152 1553 252 1634 possit,
258 1559 385 1630 γάλακτος
393 1551 456 1627 εἶχον
463 1559 566 1629 νάματ’.
576 1557 700 1612 ΒιιυΝο·
750 1576 842 1616 errore
855 1577 912 1634 quo
925 1559 1032 1614 κισσινθν
1046 1575 1071 1615 v.
1089 1576 1104 1617 2
1107 1571 1136 1632 5.

155 1654 235 1694 mus.
248 1640 352 1710 Ἐσμοῖις
366 1634 433 1693 sstis
442 1647 538 1693 tuetur
545 1633 700 1693 Philostra-
793 1652 860 1713 710.
881 1637 1014 1695 Aelianus
1033 1637 1068 1694 de
1088 1637 1157 1694 Nnt.
1172 1635 1296 1694 Animal.

155 1727 200 1772 tus
209 1715 268 1774 Vit.
281 1714 404 1792 Sophist.
415 1717 440 1773 Ι.
455 1735 500 1792 19.
514 1736 543 1794 p.
555 1730 624 1791 511.
643 1716 703 1790 [τὰς
750 1718 786 1776 V.
802 1736 851 1791 42.
871 1723 914 1774 Ἐν
934 1721 1019 1790 Μηδίᾳ
1036 1717 1061 1774 δὲ
1081 1720 1231 1788 ἀποστάζειν
1250 1722 1299 1773 τῦν

154 1798 277 1862 &turias
297 1799 357 1863 illa<
376 1819 405 1853 τε
423 1798 466 1853 καὶ
478 1794 624 1871 παραδόξους
637 1797 701 1853 lull·
752 1798 845 1872 δένδριον
857 1800 934 1854 ἀκούοι
954 1797 1022 1870 μέλι,
1037 1799 1225 1871 ὣςὸΕὐριπῖδης
1243 1803 1313 1862 ταῖς·

155 1879 234 1943 δινσιν,
251 1876 328 1951 ὥσπερ
346 1881 367 1932 ol
386 1879 500 1947 βακχεῖον
514 1879 593 1951 θύρσοι
612 1877 641 1932 πθ
654 1875 702 1948 με’-
752 1875 868 1948 Βάιτχοοιζ
880 1883 905 1932 ἐν
921 1884 956 1948 τᾷ
977 1880 1103 1951 Κιθαιρῶνι
1123 1877 1199 1952 φησὶν
1212 1882 1240 1932 ἐκ
1252 1883 1300 1932 τόν

155 1967 182 2014 λι
208 1956 251 2012 καὶ
279 1960 332 2020 τοὺς
363 1959 451 2028 ἑσμοὺς
482 1963 524 2011 τοῢ
551 1955 700 2029 pethelmus]
752 1960 847 2014 κλάδων
876 1959 992 2029 ’γλυκείας
1025 1955 1151 2029 arapha<
1183 1959 1300 2028 ἆυοτορρεῒν.

153 2037 380 2108 Ἕσμόνριελίσσηο
393 2054 444 2110 pro
457 2037 537 2092 tuelle
549 2033 621 2091 dixit
632 2032 702 2110 Epi·
752 2033 893 2094 Audacior
912 2047 995 2102 esset,
1018 2033 1064 2111 qui
1089 2032 1198 2091 Aeliani
1220 2032 1299 2092 testi·

157 2113 236 2172 nicus
256 2113 394 2180 Athenaei
412 2114 453 2171 X.
475 2134 504 2190 p.
518 2131 588 2187 432.
604 2114 638 2170 C.
673 2112 703 2170 si
753 2112 850 2180 monio
864 2125 948 2172 utens
961 2113 1126 2192 Euripidem
1140 2118 1235 2171 κλάδον
1248 2134 1300 2192 pro

157 2192 333 2274 probabilem
342 2199 533 2273 conjecturam
541 2193 648 2250 adferre
655 2212 703 2250 vo·
754 2199 843 2272 θύρσον
856 2193 1001 2272 scripsisse
1014 2195 1207 2261 contenderet,
1217 2213 1299 2273 prse-

157 2274 264 2335 luisset.
286 2273 453 2344 Brunokius,
463 2277 570 2348 νυσμοὺς
579 2277 706 2349 γάλακτος
754 2273 850 2334 sertim
878 2295 965 2353 quum
994 2274 1192 2343 Philostratus,
1220 2275 1301 2349 cujus

51 2387 55 2390 ·
157 2355 358 2434 proposuisset.
393 2354 448 2412 Sed
470 2353 539 2412 nihil
558 2373 630 2430 opus
644 2371 706 2411 esse
754 2357 838 2414 verbs
855 2356 891 2413 sd
909 2376 932 2413 v.
949 2371 1017 2430 703.
1032 2356 1110 2414 etad
1131 2375 1156 2413 v.
1172 2371 1240 2430 709.
1255 2369 1299 2414 st·

158 2455 192 2496 ex
205 2434 275 2494 locis
285 2433 377 2497 citatis
387 2435 462 2494 clare
472 2446 558 2511 patet.
581 2435 706 2509 Συρόςκοιὶ
755 2434 817 2502 tuli,
833 2438 921 2512 θύρσον
934 2435 1033 2515 legisse
1047 2435 1181 2494 videntur.
1208 2437 1301 2515 Thyrss

159 2517 233 2590 ἑσμὸς
255 2519 346 2594 coplas
372 2514 513 2575 Themist.
535 2515 652 2572 XXIX.
676 2534 705 2590 p.
756 2535 819 2574 sum
839 2519 956 2590 βακχεῖον
968 2520 1057 2574 κλάδον
1070 2517 1193 2594 appellat
1207 2529 1302 2576 noster

160 2610 229 2672 345.
243 2597 283 2654 D.
304 2597 475 2655 Pousouus.
510 2592 623 2672 Epiuioi
644 2613 704 2651 ver·
755 2616 781 2654 ν.
797 2597 865 2670 308.

160 2679 197 2736 bs
216 2675 257 2733 itu
274 2677 332 2734 fere
355 2675 439 2755 vulgo
462 2695 493 2734 se
516 2677 640 2744 habent3
661 2675 705 2749 γε’-
799 2693 866 2751 711.
888 2677 951 2734 Pur.
966 2679 1001 2734 E.
1021 2683 1103 2733 τοῦτον
1123 2697 1174 2754 pro
1192 2679 1233 2733 rh
1253 2684 1302 2735 νῦν.

159 2781 231 2834 ροντου
252 2759 356 2826 Θάσιον,
378 2757 419 2814 τθν
439 2783 469 2814 τε
491 2759 537 2831 γῆς
555 2761 599 2813 ἀπ’
621 2758 706 2811 Ἀτθί-
757 2757 842 2815 Laut.
857 2767 890 2812 ut
899 2757 991 2834 vulgo.
1013 2756 1162 2814 Piersonns
1172 2756 1303 2818 Verisim.

159 2841 195 2902 θος
211 2832 218 2915 1
235 2839 309 2912 ἐσμὶν
317 2835 707 2912 μέλισσηςτῆςὰκριιχθλουογλν-
754 2857 785 2938 p.
801 2852 849 2911 74.
864 2835 1015 2914 legendum
1030 2834 1144 2893 statuit:
1165 2836 1232 2893 τθνδε
1242 2838 1302 2906 θεὸν,

160 2919 213 2976 κόν.
248 2917 527 2995 Schweighaeuserus
546 2917 640 2988 υυσμὸν
656 2913 706 2972 de·
756 2941 780 2972 ον
793 2923 832 2985 υῢυ
844 2915 937 2988 ψέγεις.
971 2914 1036 2972 Alia
1051 2934 1163 2991 quoque
1182 2915 1303 2994 tragico-

160 2996 203 3055 dit
223 3009 337 3055 auctore
356 2997 450 3074 Ruph.
465 2995 589 3053 Fiorillo.
625 2993 709 3050 Licet
757 3015 820 3052 rum
843 2994 906 3050 loos
929 2993 1012 3052 simili
1032 2994 1118 3052 modo
1139 2996 1301 3074 corrumpit.

162 3078 237 3149 toph
265 3078 385 3148 μελίσσης
415 3073 559 3152 scripsisse
584 3071 709 3131 videntur
758 3072 855 3132 Hodie
877 3072 950 3132 inter
970 3094 1069 3133 omnes
1093 3088 1213 3144 constat,
1229 3089 1305 3136 recte
1375 3077 1378 3082 ’

161 3155 297 3222 comicus,
322 3154 411 3233 magis
439 3155 474 3212 sd
499 3165 624 3212 nostram
648 3171 708 3210 rem
758 3153 815 3212 diei
827 3155 869 3215 τὸν
882 3174 934 3231 pro
945 3151 971 3212 tr
984 3156 1058 3233 apud
1073 3155 1202 3234 tragicos.

163 3247 239 3296 esset
252 3237 326 3308 ἑσμὸς
337 3236 444 3308 μέλιτος.
473 3235 570 3295 Quum
584 3237 710 3308 ’γάλακτος
801 3250 868 3311 714.
889 3236 953 3292 Par.
965 3237 1002 3294 G.
1016 3244 1111 3306 καινῶν,
1123 3239 1199 3315 quod
1213 3239 1306 3298 admi·

163 3320 257 3390 ἑσμοὺς.
274 3313 345 3372 dixit
367 3313 527 3392 Euripides,
552 3311 646 3372 nescio
673 3333 709 3370 un
759 3314 797 3377 sit
822 3315 1010 3393 Musgrsvius.
1051 3316 1191 3377 Revocsvi
1217 3327 1304 3390 κοινῶν,

163 3400 269 3468 ἐκβολὰς
289 3393 482 3473 potiusquam
496 3398 584 3464 πλῆθος
603 3391 634 3450 iu
647 3392 729 3450 uni-¹
760 3396 836 3474 quod
863 3395 893 3453 in
921 3396 1006 3456 Laur.
1032 3397 1145 3476 legitur.
1193 3399 1306 3458 Utrsvis

165 3497 213 3536 mo
227 3474 364 3534 habuerit.
406 3475 487 3534 Idem
508 3473 584 3532 enim
603 3472 710 3552 siguifi-
760 3476 898 3554 scriptura
918 3476 1030 3538 defendi
1051 3489 1153 3554 potest,
1176 3479 1225 3536 sed
1245 3500 1306 3538 me·

165 3570 232 3616 cant
252 3557 314 3614 ἱέναι
337 3567 368 3615 et
391 3558 533 3626 ἐκβάλλειν,
554 3574 588 3612 eo
612 3554 711 3611 saltem
760 3556 815 3614 lior
827 3555 898 3614 mihi
911 3556 1020 3614 ridetur
1033 3575 1074 3624 es,
1086 3575 1158 3632 quse
1171 3557 1307 3616 librorum

165 3657 250 3698 sensu
268 3656 325 3714 quo
343 3634 446 3714 legitur
468 3656 493 3693 ν.
509 3650 576 3710 749.
598 3635 713 3710 εὔκαρπον
762 3635 928 3694 auctoritate
943 3635 1049 3694 nititur.

165 3721 316 3790 ἐκβάλλουσι
329 3719 446 3788 Θηβαίου
465 3720 571 3787 στάχυν.
607 3714 712 3772 Confe-
805 3717 874 3790 716.
895 3720 1004 3785 Πλάνης,
1019 3718 1188 3789 peregrinus,
1203 3737 1257 3774 ιιοιι
1271 3723 1309 3776 cl·

166 3798 269 3858 roudus
291 3796 408 3854 omnino
428 3816 455 3853 v.
475 3795 543 3870 765.
566 3795 652 3869 κρήνας
675 3799 712 3850 ἐπ’
762 3799 812 3854 uls.
833 3798 929 3860 Πλοίυος
939 3815 997 3852 non
1007 3793 1206 3854 confodissem.
1226 3800 1309 3858 Bno·

166 3883 255 3946 οὐτλς,
277 3876 307 3945 ὣς
328 3882 395 3948 ἀνῆκ’
417 3883 506 3942 αὐτοῖς
527 3874 586 3940 θεός.
626 3875 714 3946 ‘Ecqui
741 3891 743 3898 ’
765 3893 873 3934 nunus.
910 3877 997 3954 Cujus
1011 3895 1103 3952 neque
1118 3875 1311 3956 interpretatio

167 3957 252 4037 igitur
279 3958 397 4016 fortasse
426 3957 605 4030 scaturigines
638 3964 714 4011 suut.
765 3974 857 4033 neque
877 3953 1039 4030 conjecturs
1056 3955 1206 4034 quidquam
1228 3963 1310 4024 valet.

168 4041 302 4098 Ceterum
330 4043 417 4112 ἑσμοὺς
446 4048 512 4096 ante
538 4032 715 4093 Brunchium
765 4039 866 4106 Πλάνης
881 4043 939 4094 κοτ’
953 4036 1021 4097 ἄστυ
1034 4049 1086 4107 est,
1101 4038 1149 4116 qui
1163 4059 1222 4098 non
1236 4061 1310 4100 sem-

169 4137 221 4197 pro
232 4124 319 4194 ἐοροὺς
328 4117 454 4196 reposuit
461 4113 622 4176 Bamesius.
637 4117 716 4172 Con·
766 4134 817 4211 per
830 4135 893 4174 rurs
902 4115 979 4185 vixit,
993 4118 1042 4176 sed
1055 4118 1202 4196 aliquoties
1213 4123 1312 4182 urbem

170 4200 264 4256 firmat
277 4199 351 4258 hunc
369 4198 507 4260 rationem
527 4194 716 4274 compositum
766 4195 871 4266 invisit,
893 4195 1013 4276 ideoque
1036 4199 1135 4259 ceteris
1155 4201 1312 4278 pastoribus

169 4280 294 4356 ἀφεορλς,
306 4278 385 4352 cuius
399 4276 529 4340 meminit
541 4275 717 4336 Euststbius.
768 4290 799 4336 et
819 4278 948 4338 bubulcis
968 4280 1059 4358 legem
1073 4279 1139 4340 dsre
1152 4280 1268 4359 dignum
1283 4303 1313 4342 se

214 4359 284 4416 lttd.
305 4358 483 4437 Hervsgisns
503 4357 719 4435 primumcum
769 4369 859 4436 putat.
880 4361 971 4436 Τρίβυν
981 4361 1058 4436 λθγυν
1068 4372 1120 4428 est,
1133 4359 1179 4436 qui
1191 4374 1314 4422 oratores

173 4437 235 4498 sine
248 4449 375 4498 accentu.
407 4437 585 4517 Hervsgisns
597 4437 720 4497 secunda
770 4437 909 4500 audiendo
924 4440 1043 4502 disertus
1056 4441 1145 4500 fsctus
1158 4452 1213 4512 est.

822 4538 871 4594 Θ3
