3226 5104
60 2129 65 2134 '
173 2137 249 2184 rum,
265 2116 307 2174 vel
319 2115 414 2194 potius
428 2121 461 2180 είς
473 2119 536 2188 ἐμὰς
547 2110 619 2182 ἦλθεν
639 2113 720 2187 χέρας,

460 255 766 330 srrlnrnor
801 257 1020 330 nnnxnr.
1236 245 1309 326 165

1232 469 1311 520 1285

170 459 241 526 ΑΓ.
278 447 339 531 Τίς
357 438 485 526 iuravit
504 479 565 537 ιιν;
595 440 671 525 ταῖς
687 435 777 544 ε’μῖις
790 431 869 531 ἦλθ’
891 447 936 525 εἰς
952 437 1077 545 mipace

170 583 245 648 KA.
280 567 414 661 Ariarp’
433 562 568 660 ἀλήθει’,
589 567 635 649 ὡς
653 565 682 644 ἓν
702 567 737 639 οὐ
757 571 860 670 καιρῷ
876 560 987 668 troipas.

169 708 239 772 ΑΓ.
278 680 371 793 Λέγὶ,
390 695 435 775 ὡς
452 690 487 770 ri
506 687 634 796 μέλλιν
654 679 781 794 καρδία
797 682 921 792 πήδημ’
943 687 1023 786 ἔχει.
1068 766 1072 774 ,

172 831 245 898 ΚΑ.
280 814 330 902 Σύ
347 851 387 895 νιν
408 811 592 904 κατέιιτιις,
614 818 673 892 καὶ
695 813 896 914 κασίγνηται
915 810 1011 893 rein.

172 1085 300 1155 possunt,
315 1073 370 1135 nisi
383 1093 417 1132 ea
430 1072 602 1141 conditione,
615 1083 649 1128 ut
668 1089 717 1148 pes
767 1091 833 1130 nom
847 1076 986 1130 cunctatio
1000 1077 1087 1130 cordis
1103 1077 1315 1150 palpitationem

173 1154 288 1234 quintus
302 1154 339 1213 sit
352 1155 472 1214 iambus.
499 1154 555 1211 Sed
569 1153 716 1231 apudnu·
768 1153 858 1228 offert.
892 1154 1068 1212 Hnn'rurus.
1111 1155 1235 1234 Scaliger
1254 1179 1314 1231 καρ-

172 1233 291 1313 ripidem
305 1235 412 1314 syllaba
424 1233 515 1292 brevis
529 1244 596 1291 ante
609 1257 639 1308 γι
653 1243 717 1288 tan-
768 1237 828 1299 δίας.
863 1235 920 1291 Sed
939 1235 1091 1312 legendum
1112 1255 1176 1294 cum
1191 1239 1314 1294 Cantero

171 1328 235 1374 tum
249 1335 308 1372 non
328 1334 439 1392 semper
457 1313 600 1393 positione
613 1313 717 1390 produ·
767 1317 855 1387 καρδίᾳ
873 1313 902 1372 in
917 1315 1018 1372 dativo.
1044 1311 1119 1388 ’Ἔχει
1139 1315 1185 1374 hic
1198 1327 1242 1376 est
1255 1317 1313 1382 dot,

173 1396 254 1456 citur.
268 1394 343 1452 Vide
353 1397 510 1454 Porsonum
519 1395 555 1452 ad
564 1393 637 1451 Hec.
649 1411 718 1466 302.
761 1396 922 1469 ·proebet,ut
932 1396 1020 1452 Herc.
1029 1395 1096 1452 Fur.
1107 1416 1131 1452 v.
1140 1412 1206 1472 734.
1216 1399 1246 1471 [7
1250 1397 1313 1470 32.]

218 1475 304 1551 1285.
325 1475 385 1534 Pul.
396 1479 433 1541 τίς
442 1474 532 1532 ἕκτανέ
543 1499 585 1531 νιν.
599 1479 648 1539 πῶς
657 1476 720 1546 ἐμὰς
768 1472 821 1547 ἔχει
834 1479 883 1550 γὰρ
897 1476 980 1544 ἡδονὰς
998 1477 1105 1544 θνήσκων
1124 1479 1182 1554 ἀνὴρ
1200 1473 1205 1556 Ι
1223 1477 1314 1552 ἐχθρδς,

172 1552 246 1626 ἦλθες
264 1557 347 1632 χέρας.
380 1556 450 1613 Non
463 1555 544 1613 valde
563 1554 657 1631 plnoet
670 1571 720 1630 pes
768 1559 836 1611 τίνων
849 1579 878 1610 τε
890 1561 939 1611 τῶν
952 1555 1097 1630 δεδραμένων
1110 1557 1197 1630 diuam]
1217 1557 1314 1614 Mos·

174 1635 290 1714 quintus
312 1631 367 1706 ἦλθ’
392 1642 424 1702 είς
448 1635 523 1712 apud
545 1632 719 1710 Euripidem,
770 1653 909 1692 cnevius.
953 1635 1057 1694 Sensus
1078 1647 1137 1692 est:
1166 1643 1196 1703 ὥς
1216 1641 1227 1694 δ
1249 1647 1313 1710 μελ-

174 1736 228 1776 nec
249 1735 385 1794 reponere
408 1715 566 1774 dubitarem
590 1710 671 1784 ἦλθεν,
697 1711 719 1768 si
769 1716 862 1788 λησμδς
888 1715 989 1791 παρέχει
1020 1722 1051 1792 τῇ
1085 1720 1172 1790 καρδίᾳ
1204 1719 1314 1790 πήδημα.

173 1808 283 1856 certum
297 1808 380 1865 esset,
395 1795 629 1874 praepositionem
645 1804 721 1851 recte
769 1797 962 1853 Bounomos.
989 1795 1046 1852 Hic
1060 1807 1089 1852 et
1101 1796 1242 1854 Matthiae
1254 1821 1314 1871 καρ-

173 1879 274 1936 obesse
287 1895 379 1954 posse.
400 1877 507 1934 Noster
520 1871 580 1944 inte
592 1881 676 1949 χεῖρας
688 1878 722 1938 είς
770 1879 819 1946 δία.
854 1874 995 1932 Revocavi
1015 1879 1110 1950 καρδία,
1126 1876 1202 1952 quod
1215 1877 1317 1932 frustra

173 1961 239 2032 ἐμὰς
251 1955 322 2014 dixit
333 1956 395 2013 Alc.
409 1957 495 2014 1028.
509 1962 593 2030 χεῒρας
606 1950 678 2022 ήλθεν
689 1958 722 2017 είς
770 1953 958 2011 sollicitarunt
970 1953 1021 2010 viri
1035 1954 1120 2012 docti.
1144 1956 1239 2016 Quum
1254 1981 1315 2031 καρ-

173 2041 240 2112 ἐμὰς
260 2035 373 2094 Heracl.
394 2036 462 2111 976.
497 2031 645 2092 Utrumvis
669 2033 720 2088 ho·
745 2101 749 2110 ¹
771 2037 810 2091 δία
822 2035 911 2108 πήδημ’
924 2031 1129 2114 ἕχειοὶςιιίίιοει
1142 2035 1245 2103 δαδοικα,
1257 2056 1315 2092 non

770 2125 882 2190 praeter
900 2133 1008 2172 morem
1026 2133 1108 2171 suum
1123 2115 1189 2173 fecit
1201 2115 1315 2193 Euripi-

771 2194 831 2260 des,
857 2193 933 2271 quod
960 2193 1148 2252 accusativum
1175 2197 1203 2252 τδ
1227 2198 1317 2269 μέλλοι

771 2273 887 2332 addidit.
936 2275 1034 2332 Potest
1062 2274 1148 2332 etiam
1172 2277 1200 2333 ιδ
1227 2275 1318 2350 pona

772 2353 850 2412 reddi
865 2357 936 2431 quod
950 2358 1049 2412 attinet
1062 2356 1245 2432 adfuturum.
1270 2356 1317 2414 De

773 2452 828 2512 qua
847 2435 1058 2492 constructione
1081 2435 1214 2494 videndus
1237 2437 1315 2494 Mat-

772 2515 847 2572 thiae
861 2516 991 2573 Gramm:
1005 2517 1055 2573 Gr.
1073 2519 1097 2587 δ.
1112 2518 1182 2591 426.
1203 2538 1231 2595 p.
1247 2518 1315 2574 611.

173 2197 241 2256 huic
250 2196 340 2254 versui
354 2195 460 2274 optime
474 2192 646 2260 conveniret,
659 2211 721 2250 mo-

173 2277 213 2336 do
228 2276 395 2335 scriberetur
407 2279 445 2341 τίς
457 2273 529 2332 ἕκανέ
540 2299 583 2330 νιν.

221 2356 308 2415 1286.
331 2354 493 2434 Scripsisset
506 2354 624 2412 fortasse
636 2351 721 2411 Euri·

174 2437 265 2516 pides,
287 2436 310 2494 si
330 2456 380 2514 per
400 2447 522 2494 metrum
542 2433 675 2500 licuisset,
694 2439 723 2500 ὡς

174 2525 217 2577 οὔκ
231 2525 256 2576 ἐν
269 2525 344 2592 καιρῷ
357 2519 436 2592 πάρει.
472 2516 529 2572 Sed
543 2521 567 2572 οὐ
579 2521 653 2590 καιρῷ
670 2533 722 2589 pro

172 2617 235 2656 uno
244 2615 313 2655 voce
323 2596 518 2674 accipiendum
532 2613 593 2652 esse
604 2605 723 2651 monent

173 2676 362 2758 grammatici.
396 2678 510 2735 Praeter
523 2675 593 2732 alios
607 2673 721 2731 videan-

173 2772 224 2817 tur
244 2757 409 2836 interpretes
433 2757 468 2814 ad
490 2755 579 2834 Hipp.
605 2774 669 2832 194.
692 2759 721 2812 δι’

171 2843 330 2915 ἀπειροσύνην
349 2837 427 2895 ἄλλον
448 2837 539 2910 βιότου,
557 2832 563 2915 l
581 2843 636 2892 κούκ
658 2834 721 2891 ἀπί-

169 2917 247 2985 δειξιν
259 2925 307 2976 viis
317 2920 359 2975 ort
372 2921 456 2992 γαίας.
478 2915 537 2975 Ubi
550 2922 590 2972 οὐκ
603 2912 723 2979 ἀπόδειξιν

170 3000 233 3058 fere
247 2997 347 3071 ἄγνοιαν
360 2995 506 3074 significat.

220 3077 307 3152 1187.
330 3078 467 3133 Canterus
480 3075 567 3150 καρδίᾳ
579 3071 649 3150 legit
658 3072 722 3129 No·

170 3177 233 3218 var.
255 3155 385 3214 Lection.
406 3155 426 3212 l.
444 3154 473 3213 6.
495 3173 519 3212 c.
535 3171 563 3228 3.
599 3151 723 3230 Scaliger

169 3240 284 3316 καρδίας,
299 3235 379 3313 quasi
392 3236 420 3292 ιδ
437 3235 528 3309 μέλλον
547 3245 622 3291 esset
642 3252 722 3291 casus

91 3316 117 3344 ·'
168 3317 255 3378 raeti.
297 3316 416 3375 Mallem
438 3334 501 3394 ego,
522 3325 555 3372 ut
578 3317 665 3390 καρδία
686 3311 724 3370 sit

169 3417 259 3460 casus
273 3395 350 3464 recti,
365 3397 419 3454 hoc
433 3395 518 3453 modo
534 3394 721 3472 interpretan-

169 3481 232 3540 do:
257 3478 323 3554 Λέγε
335 3481 418 3534 τοίνυν.
440 3482 473 3542 ε1ς
491 3477 519 3532 ri
538 3475 630 3549 μέλλον
645 3475 721 3549 γὰρὴ

169 3562 265 3638 καρδία
275 3583 315 3632 μοι
325 3558 412 3630 πήδημ’
424 3554 485 3628 ἔχει,
497 3557 539 3612 καὶ
549 3559 623 3627 πηδᾷ.
638 3554 721 3619 Quod

170 3659 242 3701 vero
257 3645 287 3705 a,
306 3637 351 3694 hic
367 3649 488 3715 ponatur
501 3655 551 3712 pro
565 3641 606 3704 εἷς,
621 3654 680 3692 non
694 3632 723 3692 id

171 3719 293 3802 quidem
307 3737 411 3775 novum
426 3715 546 3794 putabit,
558 3715 605 3791 qui
617 3713 723 3783 viderit,

170 3819 250 3879 quae
260 3819 313 3857 nos
326 3816 410 3876 supra
420 3796 456 3855 ad
470 3795 587 3873 Hippol.
599 3814 624 3852 v.
637 3791 722 3870 1298.

170 3879 315 3942 Phoeniss
335 3898 361 3935 v.
379 3895 464 3952 1410.
487 3874 615 3956 Iphigen.
637 3875 723 3932 Taur.

170 3983 200 4021 v.
223 3974 293 4036 335.
315 3970 345 4017 et
365 3978 390 4016 v.
409 3957 495 4034 1056.
536 3955 724 4013 Bannasrus.

172 4045 275 4117 Καρδίᾳ
285 4039 314 4097 in
325 4038 435 4098 dativo:
451 4039 585 4115 futurum
598 4033 639 4108 (id
649 4035 725 4112 quod

772 2595 828 2654 Sed
839 2595 954 2654 alteram
965 2595 1102 2654 rationem
1114 2597 1204 2676 magis
1218 2595 1316 2674 probo.

815 2677 901 2733 1288.
929 2677 1029 2750 [Aldus
1050 2678 1094 2732 uoti
1114 2677 1252 2752 κασιγνήτη
1272 2677 1316 2733 σε’-

772 2758 833 2830 θει.]
864 2754 919 2812 Vel
933 2757 987 2812 hoc
1001 2756 1036 2812 ad
1051 2775 1074 2811 v.
1094 2772 1178 2830 1127.
1194 2754 1316 2832 respicit,

771 2835 961 2912 ubi0apparet‚
977 2837 1040 2902 Ino,
1056 2853 1181 2894 sororem
1195 2837 1315 2912 Agavae,

773 2913 901 2972 dextrum
927 2913 1045 2972 Penthei
1070 2914 1145 2972 latus
1171 2915 1316 2984 lacerasse,

772 3007 804 3052 ut
824 3014 850 3050 v.
868 3011 954 3068 1123.
975 2993 1036 3072 ipsa
1050 2997 1150 3073 ¹Agave
1171 2994 1316 3054 sinistrum

772 3075 918 3132 humerum
933 3075 1065 3133 avulsisse
1084 3075 1203 3143 dicitur;
1225 3078 1316 3134 Auto-

773 3163 848 3212 noen
862 3166 966 3238 autem,
978 3156 1094 3214 alteram
1106 3176 1240 3227 sororem,
1252 3169 1315 3216 tan·

772 3247 833 3292 turn
848 3233 1006 3294 adstitisse:
1029 3237 1072 3294 vel
1085 3240 1228 3314 κασιγνήτα
1247 3238 1317 3296 dua-

770 3315 834 3375 liter
846 3316 1007 3396 legendum,
1022 3315 1045 3374 si
1059 3329 1191 3396 utrasque
1208 3339 1317 3378 sorores

771 3395 837 3454 huic
870 3397 957 3455 reatui
990 3397 1170 3458 involvendas
1196 3398 1316 3456 duxeris.

771 3477 959 3536 Burnusws.
993 3478 1161 3555 Legendum
1180 3479 1223 3536 vel
1241 3503 1316 3535 κασι-

771 3559 861 3631 γνήτα,
875 3557 951 3634 quod
972 3568 1002 3616 et
1021 3556 1158 3615 Barnesio
1182 3557 1212 3614 in
1236 3577 1317 3614 men·

772 3649 829 3694 tem
855 3635 940 3705 venit,
964 3636 1007 3693 vel
1026 3640 1186 3712 κασίγνηται.
1227 3637 1315 3694 Mus·

775 3735 914 3774 cnevius
936 3718 971 3773 In
985 3720 1065 3794 cujus
1079 3715 1202 3774 editione
1216 3715 1318 3796 legitur

774 3809 866 3854 e'rrore
879 3795 1063 3875 typographi:
1086 3799 1122 3852 Σοί
1138 3822 1172 3854 νιν
1184 3797 1318 3868 κατέκταη,

773 3873 788 3946 ή
802 3878 844 3933 καὶ
857 3879 995 3952 κασιγνήτη
1012 3877 1091 3933 σε’θεν.
1112 3877 1172 3936 Pul.
1186 3881 1229 3936 καδ
1242 3881 1318 3936 raal-

773 3978 854 4031 ηνητοι
875 3957 954 4014 σέθεν.
989 3955 1148 4015 Brunckius
1168 3977 1202 4016 ex
1222 3957 1319 4032 conje-

774 4048 854 4094 ctura
873 4035 1033 4094 Marklandi
1055 4038 1091 4095 ad
1115 4039 1213 4116 Suppl.
1232 4040 1318 4098 1181.

171 4136 209 4182 111
235 4119 304 4176 mihi
324 4118 385 4192 jum
410 4118 498 4194 dices)
527 4119 608 4174 hobel
635 4116 726 4188 (offert
774 4123 800 4190 χ’
815 4122 844 4173 αι’
856 4119 1005 4192 κασίγνηται
1019 4118 1098 4177 σε’θεν.
1122 4118 1264 4176 Matthiae
1277 4120 1321 4175 καί

172 4202 291 4273 secum)
315 4202 389 4256 cordi
405 4201 625 4274 palpitationem,
647 4196 724 4254 Rar·
775 4199 924 4272 κασίγνηται
938 4199 1016 4255 σέθεν.
1040 4197 1158 4256 Rectius
1171 4201 1322 4271 κασίγνηται

174 4297 282 4342 extus.
331 4278 453 4357 Scaliger
481 4276 592 4356 reponit
618 4281 725 4352 καρδίας,
774 4293 861 4353 quam
881 4277 1032 4354 κασιγνήτα.
1073 4279 1111 4337 V.
1133 4294 1201 4354 971.
1225 4275 1321 4348 ἔκτειν’,

53 4403 68 4428 .
172 4359 320 4442 probante
330 4357 514 4416 Valckenario
529 4357 564 4416 ad
578 4356 732 4426 Phoeniss,
776 4359 880 4431 Ἀγαυή,
899 4366 991 4435 χεῖρας,
1010 4361 1043 4416 at
1058 4362 1080 4415 δ’
1099 4360 1221 4434 δμίσπιροι
1238 4354 1245 4438 1
1263 4362 1319 4416 Κοί-

178 4457 273 4516 1409.
299 4435 347 4515 qui
371 4438 441 4495 lineo
465 4437 505 4495 ita
531 4435 630 4495 vertit:
660 4439 726 4506 Dic,
777 4441 835 4512 δμου
856 4439 993 4516 θυγατέρες.
1024 4439 1060 4496 V.
1080 4457 1165 4516 1090.
1179 4439 1257 4514 μήτηρ
1275 4445 1320 4496 Ἀ·

834 4535 883 4592 ¹¹3
