3194 5102
46 3525 48 3530 ·
159 3497 209 3556 xit.

435 197 739 268 utrlulsou
774 185 993 265 BAKxAr.

1234 153 1370 258 ar¹

259 378 398 462 στικτοῗιν
416 383 443 457 τ’
463 373 578 459 isdoth
596 370 756 482 trepidos

261 502 429 608 θστίφετε
445 506 661 611 λευκοτρίχων
679 500 872 608 πλοκάμων
953 529 966 556 ·

256 631 425 740 μοιλλοῒς.
455 633 550 732 ἀμφὶ
570 622 606 707 di
623 624 660 707 ν’
714 659 782 712 aar
799 626 959 735 ὑβριστάς

261 746 408 829 tecture.
439 751 565 829 οούτίιιοι
581 751 636 851 γά
653 753 759 832 τᾶσοι
776 748 933 858 χορεύσει.

263 875 409 982 Βρόμιος,
428 873 519 962 ‘lo-re
536 875 616 979 οἶγει
635 874 767 964 θιάσους

151 1129 213 1170 rum
227 1129 338 1190 genera,
350 1107 398 1170 hio
409 1110 494 1170 etiam
505 1123 698 1170 memorantur

152 1192 295 1270 abiegnae.

196 1288 261 1330 111.
289 1269 349 1328 Pal.
372 1277 479 1327 στικτῶν
502 1276 526 1326 τ’
546 1280 578 1328 ut
598 1271 695 1329 Aldus.

151 1351 216 1408 Par.
231 1352 267 1409 u.
277 1351 314 1408 G.
325 1361 354 1408 et
366 1347 484 1407 fortasse
497 1347 584 1408 Laur.
602 1349 698 1425 (cujus

152 1430 319 1508 scripturam
343 1437 486 1486 enotatam
511 1449 569 1487 non
592 1431 694 1504 habeo)

152 1516 258 1566 στικτθν
272 1513 301 1567 θ.
344 1493 410 1566 Hoc
424 1513 443 1566 δ’
459 1506 573 1566 admisit
585 1512 697 1568 Brunc-

150 1581 223 1656 kius,
239 1585 392 1666 repudiavit
404 1586 553 1648 Matthiae.

194 1665 265 1726 ibid.
285 1667 374 1725 Aldus
394 1672 503 1735 ἐνθοτὰν,
517 1669 594 1747 quod
614 1687 648 1726 ex
666 1687 698 1726 e·

151 1746 333 1806 mandatione
350 1747 472 1806 Brodael
486 1748 516 1806 in
530 1749 622 1806 θνθυτθν
635 1768 699 1806 mu·

151 1825 392 1886 taritBamesius.
412 1827 473 1886 Pal.
484 1832 594 1886 ἒνθυκτά.
613 1828 699 1886 Laur.

100 1933 107 1943 ··
152 1911 339 1974 recteertore,
353 1907 430 1983 quod
452 1914 570 1965 accentu
590 1919 700 1964 mutato

152 2007 169 2046 e
189 1987 276 2044 MSS.
299 1987 360 2043 Par.
382 1985 496 2042 admisit
512 1983 699 2062 Musgravius.

151 2065 286 2139 Reislrius
296 2063 357 2138 jam
372 2062 459 2121 ἔκδοτον
471 2064 623 2142 legendum
638 2083 700 2121 mo-

153 2157 263 2204 nuerat.
292 2138 451 2202 Bruncldus
465 2153 495 2200 et
507 2142 647 2200 Matthiae
661 2149 700 2201 ἐν·

151 2229 226 2284 tmen.
255 2223 341 2282 Plura
354 2223 389 2280 de
403 2234 521 2281 accentu
533 2221 595 2282 vide
609 2223 645 2280 ad
658 2241 701 2282 υν.

157 2323 169 2376 1
198 2305 226 2364 8·
242 2317 310 2378 745·

175 2324 267 2440 3ῐοτ.
294 2379 424 2440 Reiskius
444 2381 559 2461 conjicit
581 2383 702 2458 λευκοτρί-

153 2488 206 2537 χοιν
219 2465 326 2521 τοκάδυν
342 2464 457 2538 (ouium)
474 2469 587 2535 μαλλοῖς.
618 2463 702 2520 Mus·

153 2541 265 2622 gravius
279 2555 328 2599 aut
341 2541 390 2610 sic,
406 2553 455 2600 ulit
467 2545 622 2618 λευκοτρίχων
641 2552 702 2598 stho-

153 2624 241 2696 κάροις
260 2627 372 2696 mutua
409 2621 494 2680 Hanc
512 2620 703 2695 conjecturam

155 2699 271 2760 admisit
297 2701 464 2760 Brunclrius.
504 2701 647 2760 Matthiae
670 2712 704 2759 ut

155 2781 256 2840 Aldus.
278 2780 308 2839 Si
321 2783 440 2858 ιιρίβοιτον
454 2781 527 2860 apud
539 2781 702 2860 Euripidem

153 2871 287 2928 exstaret,
301 2861 422 2920 libenter
438 2861 561 2940 legerem
582 2865 708 2937 λευκοτρθ

41 2987 44 2998 .
124 2981 126 2987 1
156 2966 208 3014 χονν
228 2942 354 3017 προβάτων
374 2951 487 3016 μαλλοῖς.
523 2941 580 2998 Sed
604 2959 640 2998 ne
664 2941 704 2998 sle

156 3019 273 3099 quidem
287 3019 365 3077 nulla
378 3031 535 3097 superesset
545 3019 703 3078 difficultas.

157 3101 265 3158 Sensus
286 3099 361 3155 haud
382 3098 467 3156 dubie
479 3109 523 3156 est
536 3101 644 3175 νεβρίδος
658 3103 705 3175 θρί-

156 3199 208 3238 οισι
229 3178 348 3254 στίφετε.
383 3176 460 3240 Quid
484 3177 541 3234 sint
559 3179 705 3254 ἔριίστειττιι

155 3260 254 3324 κλάδον,
279 3256 410 3314 omnibus
434 3257 501 3315 satis
528 3268 628 3316 notum
653 3269 705 3316 est.

159 3336 237 3400 Quid
251 3345 344 3394 autem
360 3335 417 3394 sint
430 3336 577 3414 ε’ριίστειττοι
590 3341 704 3414 νεβρίδος,

159 3435 247 3476 nemo
260 3435 377 3476 monere
390 3435 490 3494 operae
510 3417 632 3496 pretium
653 3419 707 3476 du-

1231 901 1288 956 115

746 1112 881 1178 Cadmus,
893 1109 982 1188 νάρθηξ
996 1103 1096 1170 dicitur
1105 1131 1131 1170 ν.
1144 1126 1211 1188 251.
1225 1125 1291 1174 mox

746 1211 811 1250 vero
824 1211 850 1248 V.
868 1205 934 1266 254.
949 1193 1038 1271 θάρσος.

788 1273 859 1329 lud.
880 1271 925 1328 Ad
945 1274 1064 1346 ὑβριστὰς
1086 1271 1156 1328 haec
1179 1269 1292 1348 scripsit

745 1351 909 1410 Brodaeus:
926 1417 930 1428 ¹
946 1352 1041 1424 quibua
1071 1359 1176 1424 mystae
1203 1354 1292 1409 obuios

747 1450 864 1508 quosque
873 1450 925 1505 per
932 1429 1028 1502 jocum
1041 1433 1190 1488 caederent.
1216 1429 1292 1488 Mihi

746 1509 841 1589 potius
862 1512 977 1587 ὑβρισταὶ
999 1508 1132 1587 appellari
1153 1509 1292 1578 videntur,

748 1590 813 1668 quia
825 1587 942 1667 ὑβρισταὶ
955 1590 1103 1658 habentur,
1118 1589 1166 1667 qui
1180 1609 1228 1648 eos
1242 1608 1293 1669 ge·

748 1680 832 1729 stant.
861 1670 970 1728 Eadem
991 1679 1058 1726 sunt
1073 1674 1252 1747 νοιρθηκοφνρεῒν
1265 1681 1294 1727 et

747 1752 887 1822 βακχεύειν,
912 1748 988 1825 quod
1015 1749 1181 1824 quantulum
1209 1749 1295 1826 distet

749 1830 784 1887 ab
803 1831 919 1904 ὑβρίζειν,
939 1824 1064 1885 ostendit
1082 1829 1243 1886 Athenaeus
1264 1849 1293 1905 p.

749 1909 797 1982 36.
811 1909 847 1965 Ε.
864 1907 939 1963 Ὅθεν
958 1907 1084 1976 τινέςτὴν
1097 1912 1209 1963 Διονιίσου
1225 1908 1294 1982 γίνε-

749 2011 789 2044 σιν
809 1987 851 2042 καὶ
871 1987 916 2054 τὴν
934 1989 978 2054 τῆς
994 1984 1101 2059 Ὕβρεως
1120 1989 1190 2042 κατὰ
1211 1990 1295 2042 vaurda

749 2065 865 2142 γενέσθαι
877 2066 966 2141 φασίν.
989 2064 1094 2122 Confer
1103 2069 1214 2144 ὕβρισμα
1225 2075 1295 2122 Βακ-

750 2151 800 2219 χάν
812 2164 838 2202 ν.
854 2144 922 2219 778.
936 2154 966 2201 et
983 2141 1094 2201 similia.

795 2241 861 2299 114.
903 2221 969 2281 Hoc
991 2227 1102 2282 ὃσιοῦσθε
1127 2221 1297 2298 conjecturis

751 2303 853 2362 frustra
866 2301 1020 2361 sollicitant
1028 2303 1160 2362 Reiskius
1174 2316 1203 2362 et
1212 2306 1296 2364 Mus·

750 2383 868 2463 gravius.
905 2381 1049 2461 Significat
1070 2383 1131 2441 ’ὅσιον
1154 2383 1214 2442 ἔστε
1239 2384 1297 2443 sive

751 2467 886 2535 εὐσεβεῖτε.
915 2465 1009 2521 Verba
1019 2466 1086 2541 ἀμφὶ
1100 2467 1217 2540 νάρθηκας
1226 2468 1294 2542 ὕβρι·

751 2548 817 2609 στὰς
828 2547 939 2601 θσνοθσθε
958 2545 1077 2601 eandem
1099 2544 1204 2602 habent
1225 2565 1295 2603 con·

751 2621 936 2681 structionem
955 2642 1041 2700 quum
1060 2622 1119 2680 ’ίσιοι
1138 2626 1190 2700 περὶ
1211 2622 1295 2693 ξένους,

753 2703 829 2780 quod
843 2701 915 2760 dixit
928 2713 1025 2760 noster
1038 2703 1116 2780 Cycl.
1132 2721 1165 2760 ιν
1169 2718 1197 2779 5.
1222 2705 1296 2800 ⁵Sen-

752 2803 799 2840 sus
820 2793 873 2850 est,
897 2793 1032 2840 monente
1051 2782 1206 2840 Bamesio:
1230 2802 1295 2840 sou·

753 2867 802 2920 otis
816 2862 1031 2937 ritibusfentlos
1043 2865 1149 2920 sumile.

794 2943 865 2999 ltu.
891 2941 1036 2998 Brodaeus
1058 2941 1150 2998 οθτίκον
1168 2951 1206 3016 γᾷ
1224 2943 1299 3014 σάσρι

757 3021 891 3094 (omnibus
916 3023 946 3076 iu
972 3023 1063 3096 terris)
1089 3024 1196 3096 χορεθσει
1214 3017 1219 3102 Ι
1237 3023 1297 3098 Βρά-

753 3123 813 3174 μιος.
844 3099 943 3157 Paullo
957 3099 1057 3160 melius
1070 3100 1228 3159 Matthiae:
1251 3105 1298 3160 ονθ·

754 3184 814 3237 τίκα
825 3181 945 3255 ‘reneca
955 3185 1061 3258 χορεύσει
1079 3177 1084 3262 Ι
1102 3186 1212 3258 Βρόμιον.
1233 3183 1299 3244 Quo

755 3275 849 3328 sensu,
870 3259 899 3317 nl
922 3260 1012 3329 fallor,
1038 3261 1139 3320 rectius
1163 3261 1300 3321 diceretur

756 3343 855 3416 Βρομίῳ.
879 3339 953 3398 Vide
967 3341 1002 3400 ad
1016 3343 1093 3414 θοάζον
1106 3345 1197 3419 Βρομίῳ
1209 3361 1235 3400 v.
1250 3342 1299 3419 65.

756 3420 908 3498 Distinguo
929 3431 995 3498 pust
1015 3426 1132 3496 χορεύσει,
1152 3432 1185 3479 ut
1207 3421 1299 3500 vulgo.

756 3502 889 3559 Ceterum
911 3501 995 3558 verba
1018 3509 1055 3576 ορᾶ
1082 3507 1159 3558 τοῖσι
1179 3519 1237 3558 non
1264 3501 1301 3558 de
1364 3529 1366 3535 v

206 3593 272 3652 113.
293 3579 417 3652 Νάρθηκος
433 3574 490 3634 sive
502 3576 606 3636 ferulae
625 3597 706 3635 men·
755 3579 887 3638 universo
912 3597 1013 3657 genere
1036 3580 1170 3645 humano,
1195 3579 1246 3636 sed
1265 3579 1301 3638 de

162 3656 261 3731 tiosst
274 3656 349 3734 apud
368 3667 496 3714 nostrum
516 3657 622 3715 Bacch.
640 3675 707 3732 113.
756 3658 823 3718 solis
835 3658 980 3718 Thebanis
993 3655 1156 3734 accipienda
1170 3669 1246 3717 sunt.

167 3752 233 3812 r47.
257 3751 324 3812 251.
347 3751 415 3812 705.
434 3750 518 3813 1155.
534 3737 602 3794 Hel.
621 3752 706 3811 1377.
800 3751 866 3814 115.
887 3737 947 3795 Pal.
961 3740 1058 3814 βρόμος
1075 3737 1111 3794 ὅτ’
1124 3737 1175 3813 em
1195 3739 1300 3806 θιάσους.

162 3816 210 3876 ue
227 3835 291 3876 vera
312 3814 447 3874 diversam
469 3835 486 3874 a
507 3816 603 3894 thyrso
623 3815 709 3874 fuisse
756 3817 842 3876 [aur.
855 3816 891 3874 ὅτ’
905 3815 956 3892 άρο
975 3815 1100 3894 aprima
1119 3836 1213 3888 manu,
1235 3819 1303 3887 lora

162 3895 278 3974 copiose
298 3894 423 3955 ostendit
442 3895 619 3976 Musgrarius
633 3895 707 3954 adv.
756 3897 815 3972 άρεν
828 3916 845 3955 a
857 3907 1023 3956 correctore.
1047 3898 1133 3960 Quod
1145 3897 1169 3956 si
1182 3911 1258 3958 recte
1271 3917 1302 3959 se

166 3990 234 4052 705.
257 3975 313 4034 Sed
327 3975 476 4035 discrimen
490 3975 613 4055 neglexit
625 3975 709 4034 Euri·
757 3978 852 4045 habet,
867 3993 965 4034 sensus
985 3989 1045 4038 cst:
1068 3978 1168 4054 Βράμιθς
1186 3976 1303 4048 &mals

163 4055 254 4135 pides,
269 4054 318 4134 qui
330 4058 445 4132 ’νάρθηκα
465 4057 574 4133 εὔθυρσον
594 4055 664 4115 dixit
683 4075 709 4115 v.
758 4056 815 4132 άνρει
829 4058 934 4122 θιάσους.
969 4057 1065 4116 Simile
1077 4071 1130 4128 est,
1144 4060 1221 4136 quod
1234 4057 1302 4137 legi-

168 4137 326 4212 1155.fere
344 4148 377 4194 ut
395 4138 509 4210 κάματον
527 4137 665 4211 εὐκάματον
684 4155 710 4195 v.
759 4135 1224 4215 θιπν.141.δθ’ἕξιιρχος,Βρίμιις.
1245 4138 1302 4196 Sed
1405 4179 1408 4186 ι
1479 4187 1484 4196 .

166 4215 216 4274 66.
245 4216 334 4274 Ηυινο
351 4215 470 4274 Penthei
483 4217 589 4292 νάρθηκα
602 4216 711 4292 εὔθυρσον
759 4235 930 4295 magnopere
943 4237 1096 4286 vereor‚ne
1110 4217 1192 4276 metri
1206 4236 1303 4276 caussa
1404 4231 1407 4235 '

167 4295 418 4389 appellarateu'pw
429 4316 471 4354 vv.
485 4297 521 4372 83
526 4315 553 4371 3.
569 4314 638 4372 939.
665 4295 709 4354 Si·
760 4315 794 4355 ex
813 4295 974 4371 conjectura
997 4297 1150 4376 repositum
1169 4297 1207 4355 sit
1226 4297 1302 4366 ὅστις.

139 4375 230 4432 -mrlr
249 4375 346 4441 modo.
367 4376 444 4451 quod
466 4375 497 4434 in
521 4387 711 4434 manutenet
760 4377 856 4439 Quum
883 4377 970 4438 MSS.
997 4379 1150 4457 praebeant
1178 4378 1214 4434 θο·
1241 4379 1301 4455 ἄρῃ,
1368 4389 1370 4394 ·
