3220 5102
309 219 382 278 114
588 211 889 278 ΕΥΡΙΠΙΔΟΥ
925 213 1145 280 ΒΑΚΧΑῙ.

301 408 362 470 ΔΙ.
402 377 562 496 γΑγονριεν
581 389 629 470 οὖν
648 426 698 481 σε,
720 392 970 496 κάπιχειρήσεις
989 387 1072 500 ὁὲῷς

301 529 376 593 ΠΕ.
401 511 483 614 ''Ay’
504 517 548 598 ris
560 512 730 613 Ιτοίχισνοο.
760 517 815 595 τοῦ
833 515 943 624 χρόνου
963 510 1027 596 ‘rb'
1038 521 1123 594 σ”οὐ
1141 513 1255 620 φθονοῖ.
1331 536 1372 586 ’δί
1384 538 1426 600 ν’·

300 655 361 744 ΔΙ.
408 641 549 725 irritati
565 677 611 720 νυν
629 647 724 745 ἀμφὶ
744 647 845 750 χρωτὶ
864 644 1040 736 βυσσίνους
1058 639 1223 728 ννέπλους.

342 877 409 950 817.
425 871 547 950 Ἄγωμεν.
577 875 645 932 Sub.
666 871 705 941 ab,
726 878 782 932 ἀντὶ
800 884 842 933 τοῦ
891 879 949 956 pol.
959 893 1027 952 372.
1041 878 1137 952 [375]
1154 877 1345 934 Bauucmus.
1366 875 1438 932 Plu·

300 953 399 1029 ἔξιμεν,
419 957 553 1012 ducemus.
587 953 642 1010 Vel
656 949 725 1028 ”Apa
743 954 789 1026 pb
805 951 843 1011 riv
892 977 931 1025 ra,
953 956 976 1015 si
998 976 1068 1033 opus
1088 969 1169 1023 esset,
1194 973 1343 1033 congerere
1365 973 1439 1031 pos·

299 1059 339 1102 σε,
354 1050 409 1111 pro·
419 1032 479 1100 ἄξοι.
504 1035 585 1091 ldem
598 1044 642 1091 est
655 1051 761 1091 sensus.
792 1035 841 1092 Se·
892 1056 962 1104 sem,
973 1035 1074 1113 quibus
1084 1037 1268 1101 ostenderem,
1279 1035 1358 1110 χρόνος
1366 1053 1433 1092 curn

299 1133 388 1191 quens
410 1112 460 1187 ἄγε
480 1133 539 1171 rem
561 1111 674 1170 indicat.
709 1112 845 1172 Porrus.
892 1115 954 1174 aliis
968 1114 1081 1173 vocibus
1101 1133 1184 1191 saepe
1197 1113 1341 1172 confundi.
1377 1113 1435 1170 Sed

292 1191 363 1268 Ἀγον
371 1193 417 1267 μὲν
426 1189 464 1249 οὖν
473 1217 512 1250 σε.
526 1191 845 1270 ltapotiusquamo'vyu·
891 1195 939 1253 hic
965 1206 1040 1254 recte
1064 1214 1094 1252 se
1118 1196 1203 1252 habet
1221 1194 1310 1268 χρόνου.
1349 1191 1436 1250 Licet

297 1297 357 1347 pes,
379 1274 421 1330 ob
443 1290 563 1349 sequens
581 1271 638 1346 Ἀρ·
663 1277 693 1337 ὥς
715 1277 840 1344 τάχιστοι.
890 1274 966 1333 enim
974 1293 1069 1332 morae
1077 1273 1225 1351 impatiens
1234 1273 1270 1330 sit
1281 1273 1437 1339 Pentheus,

297 1355 483 1410 Erasinus.
505 1351 642 1410 Codicum
653 1350 841 1428 scriptumest
890 1375 948 1412 non
970 1366 1065 1412 tamen
1086 1353 1150 1411 ideo
1174 1352 1308 1430 temporis
1331 1370 1439 1428 parcus

293 1430 408 1506 ”upupa
421 1427 458 1488 alr
471 1455 510 1498 σε,
526 1431 608 1488 unde·
621 1431 716 1488 forsan
738 1429 840 1504 conjici
888 1434 1037 1492 habendus
1046 1444 1098 1492 est.
1132 1432 1216 1491 Aliud
1236 1431 1312 1489 enim
1331 1443 1375 1488 est
1394 1433 1434 1488 ud

297 1521 392 1588 potest
414 1512 532 1568 P'oetam
556 1509 716 1588 scripsisse:
739 1509 839 1584 ‘Apum'
889 1533 1000 1572 coortam
1004 1514 1151 1590 festinare,
1165 1511 1242 1570 aliud
1254 1516 1284 1568 in
1297 1514 1438 1568 coenando

295 1589 327 1647 cir
350 1587 388 1647 cim
411 1614 450 1658 σε,
476 1591 655 1666 κόοῐιχενρῆσεις
675 1594 735 1661 ὄδῷς
761 1593 840 1646 Anne
879 1594 1026 1669 festinare.
1068 1594 1135 1650 Hoc
1155 1591 1215 1650 vult
1238 1590 1331 1649 dicere
1354 1591 1431 1648 Pen-

206 1700 209 1708 ¹
295 1673 383 1744 igitur
397 1678 423 1728 re
436 1674 542 1738 ducam,
557 1672 650 1726 etiter
669 1670 719 1725 hoc
739 1688 836 1743 aggre·
888 1674 978 1740 theos,
994 1686 1105 1752 tempus
1120 1671 1149 1729 in
1164 1673 1219 1729 hoc
1232 1669 1346 1749 negotio
1359 1689 1436 1727 con—

296 1751 405 1806 diaris?
435 1749 516 1806 Haec
542 1749 618 1806 enim
642 1746 839 1826 interrogative
888 1763 1014 1809 sumtum
1041 1771 1071 1809 se
1088 1771 1164 1808 *non
1190 1769 1273 1829 aegre
1298 1749 1434 1807 laturumr

295 1828 371 1887 dicta
390 1827 527 1885 videntur.
549 1829 723 1886 Haesurus.
753 1825 836 1903 Ἀρο-
887 1833 956 1890 Non
976 1831 1061 1910 igitur
1076 1830 1116 1888 ita
1129 1831 1236 1889 diversa
1256 1828 1328 1888 ratio
1346 1829 1433 1902 hujus

294 1933 340 1982 μεν
354 1904 391 1965 οὖν
409 1933 447 1964 σε.
490 1909 536 1966 Ita
554 1907 715 1986 legendum,
730 1926 788 1964 non
808 1919 839 1964 ut
887 1929 996 1983 versus,¹
1025 1923 1055 1968 et
1087 1909 1170 1978 illius,
1198 1928 1282 1987 quem
1310 1907 1431 1967 contulit

283 1987 387 2066 vulgo,
402 1985 456 2061 ri'syu
474 1987 519 2060 μὲν
532 1983 569 2044 οὖν
583 2012 621 2044 σε.
656 1985 769 2044 Dicitur
788 2005 837 2044 au·
886 1988 1133 2059 Bruncltius,Hec.
1146 1985 1435 2064 238.”Εξεστ“,ἒρο6τα.

294 2079 354 2126 tem
368 2065 564 2144 interrogative
581 2085 633 2143 pro
645 2065 743 2140 ἄξομεν.
772 2066 837 2124 Vid.
887 2077 928 2127 τοῦ
941 2071 1021 2146 χρόνον
1033 2075 1081 2146 γὰρ
1092 2077 1117 2126 οὐ
1126 2073 1214 2146 φθονῢ.
1228 2069 1313 2130 Quod
1323 2067 1358 2125 ad
1369 2075 1395 2124 σ’
1406 2093 1432 2125 ου

293 2147 398 2204 Electr.
413 2166 438 2204 ν.
452 2147 520 2220 380.
547 2148 629 2221 [377.
650 2141 710 2202 ἀλλ’
732 2152 765 2212 εἰς
783 2146 837 2202 ὅπλ’
886 2154 964 2226 φθονῶ
983 2149 1092 2218 attinet,
1107 2162 1185 2207 vetus
1197 2161 1242 2206 est
1254 2147 1381 2225 quaestio
1394 2148 1436 2205 de

292 2223 387 2297 ἔλθοις]
411 2225 505 2286 Quare
521 2227 557 2286 ad
571 2226 656 2282 finem
677 2244 771 2282 versus
792 2225 836 2282 in·
886 2227 1002 2286 elisione
1015 2228 1254 2306 diphthongorum
1274 2228 1350 2304 apud
1371 2239 1430 2284 tra·

227 2297 231 2305 ’
293 2303 490 2381 terrogationis
517 2317 586 2364 nota
620 2306 751 2381 ponenda
783 2316 836 2362 est.
885 2306 1018 2386 gicos,de
1031 2329 1087 2385 qua
1100 2307 1290 2384 disputantem
1300 2306 1362 2365 vide
1375 2309 1431 2364 Er·

291 2385 505 2442 Muscasvms.
547 2385 582 2441 In
609 2385 663 2442 hac
689 2383 835 2461 scriptura,
885 2386 1021 2445 furdtium
1035 2389 1070 2445 ad
1084 2389 1123 2447 So
1144 2387 1287 2462 hoclisAj.
1304 2405 1368 2463 191.
1382 2389 1433 2460 pb,

293 2463 369 2539 quod
394 2461 488 2529 miror,
514 2482 573 2519 non
597 2461 733 2539 acquievit
755 2465 835 2519 Mat·
884 2469 920 2540 μή
932 2465 1100 2540 μ’,ἄναξ,ἒ’θ’
1116 2409 1153 2524 ii'
1168 2463 1411 2545 ἐφάλοιςκνοσιαιςΙ

293 2541 378 2610 thiae,
400 2541 450 2599 sed
472 2540 550 2598 Porti
571 2540 762 2614 conjecturam
782 2541 836 2614 σ”νγυ
884 2545 943 2619 ’ἄμμ’
956 2546 1027 2619 ἔχων,
1045 2553 1125 2604 κακὰν
1145 2551 1223 2624 φάτιν
1243 2547 1298 2624 ἄρῃ.
1334 2546 1364 2602 Si
1384 2545 1433 2603 cui

292 2622 338 2696 pb
351 2620 498 2688 revocavit,
517 2620 612 2681 addita
632 2633 728 2679 tamen
748 2620 835 2678 inter·
886 2624 979 2683 minus
999 2627 1140 2684 Graecum
1160 2625 1268 2684 videtur
1287 2633 1329 2682 τοῦ
1349 2627 1431 2702 χρόνου

177 2747 181 2754 ,
292 2700 447 2780 rogationis
460 2712 536 2760 nota.
560 2702 652 2758 Recte
664 2700 766 2778 plurali
780 2699 835 2758 uti·
886 2705 913 2762 δέ
930 2730 962 2762 σε
979 2712 1004 2761 οὐ
1024 2711 1111 2783 φθονῶ,
1127 2706 1150 2763 ἰυ
1170 2707 1249 2763 nullo
1269 2705 1382 2784 negotio
1401 2711 1429 2781 γ’

293 2791 341 2839 tur
361 2781 501 2848 Bacchus,
519 2780 567 2857 qui
588 2800 654 2838 mox
674 2781 713 2840 ait
727 2800 751 2838 v.
768 2781 836 2854 823.
886 2804 937 2862 pro
951 2790 976 2841 α’
990 2804 1125 2862 reponere
1138 2797 1241 2862 potest.
1271 2787 1339 2843 Non
1353 2784 1431 2842 enim

292 2861 404 2927 Διόνυσος
420 2863 485 2934 ἡμᾶς
498 2859 661 2934 ἐξεμούσωσεν
673 2865 742 2920 τάδε.
777 2861 835 2918 Ex·
886 2883 1121 2941 supervacaneum
1144 2891 1184 2940 γε,
1210 2866 1261 2923 sed
1284 2864 1429 2942 emphasin

205 2944 208 2952 ’
293 2941 391 3018 ampla
409 2940 577 3018 subjunctivi
597 2961 661 2998 curn
682 2940 836 3019 interroga·
887 2945 1015 3002 addendo
1040 2963 1154 3003 sensum
1176 2944 1266 3018 juvat.
1307 2944 1429 3002 Easdem

292 3019 372 3078 tione
387 3020 464 3078 dedit
482 3020 624 3078 Matthiae
643 3023 770 3079 Gramm.
786 3023 835 3079 Gr.
886 3023 1037 3101 particulas
1050 3023 1198 3103 conjungit
1210 3037 1307 3083 noster
1322 3045 1346 3080 ν.
1359 3025 1428 3100 988.

293 3105 317 3172 §-
333 3115 369 3175 51·
374 3115 402 3175 5.
419 3120 445 3158 a.
467 3121 494 3177 p.
509 3114 577 3176 759.
608 3101 720 3159 Addoe
741 3118 837 3158 nostra
886 3116 916 3161 et
928 3103 995 3162 alibi
1007 3104 1121 3180 passim.

292 3179 387 3235 fabula
410 3199 435 3236 v.
450 3194 519 3253 947.
544 3183 657 3250 Μοχλοὺς
680 3181 797 3255 φέρωμεν,
820 3180 836 3249 ἢ
928 3184 994 3259 819.
1010 3183 1098 3242 Aldus
1108 3188 1217 3242 στεῖλαί
1225 3210 1268 3243 νιν.
1289 3185 1431 3243 Pulmrb

291 3266 368 3332 χεροῖν
385 3261 536 3322 ἀνασπάσω,
554 3254 559 3334 Ι
577 3265 690 3332 κορυφαῖς
709 3257 837 3324 ὑποβαλοῖν
884 3273 930 3319 λου
950 3288 992 3319 νιν.
1033 3263 1186 3323 Barnesius
1208 3270 1316 3323 στεῖλαί
1333 3290 1371 3322 νυν
1394 3282 1429 3322 ex

292 3331 375 3409 ὖμοοῆ
384 3337 504 3411 βραχίονα
513 3355 521 3400 ;
537 3334 596 3392 Ubi
607 3335 834 3394 notaminterro·
886 3342 1087 3400 emendatione
1096 3344 1219 3403 Canteri.

291 3413 413 3494 gatioms
432 3413 538 3491 primus
556 3411 663 3472 addidit
675 3414 835 3475 Baruesius.
888 3467 891 3474 .
927 3423 996 3478 Ibid.
1011 3424 1360 3500 AeschylusTheb.1047.
1372 3425 1430 3481 κόλ-

292 3492 406 3552 Plenius
420 3493 621 3568 v..7l«8.0s‘hsre
635 3492 818 3572 θηροοσοῖροεθοιΙ
885 3525 921 3572 πρ
929 3502 1037 3578 φέρουσα
1046 3504 1161 3572 βυσσίνου
1170 3507 1339 3576 πεπλώματος.
1351 3503 1429 3560 Pers.
1508 3571 1514 3579 ι

292 3574 834 3648 ΠενθέυςῗΔγαυῆνμητέρ’ἒκβαιιχευμοίτυν;
860 3625 863 3631 .
889 3597 954 3652 124.
975 3583 1097 3650 βυσσίνοις
1116 3587 1135 3639 δ’
1151 3584 1283 3648 ἐνοιέπλοις
1300 3581 1363 3654 πέσῃ
1377 3591 1429 3637 λοι-

333 3653 401 3710 818.
416 3649 476 3728 'Ay’
498 3659 528 3720 ὣς
547 3658 674 3726 τάχιστοι.
694 3661 736 3710 τοῦ
756 3654 836 3730 χρόνον
884 3661 930 3725 xlc.
950 3660 1046 3718 Multa
1058 3661 1094 3718 de
1106 3663 1189 3740 bysso
1200 3658 1341 3737 congessit
1354 3660 1429 3717 Bro-

291 3733 318 3791 δέ
329 3739 354 3789 σ’
366 3739 391 3790 οὐ
403 3736 490 3810 φθονῶ.
512 3733 594 3790 Haec
607 3753 666 3790 non
679 3734 752 3792 bene
765 3752 834 3792 con·
885 3739 979 3798 daeus.
1014 3739 1045 3797 Si
1062 3740 1140 3800 idern
1158 3740 1295 3819 significat
1314 3740 1430 3809 βόσσινος

290 3830 390 3904 gruere
410 3811 479 3869 mihi
491 3812 627 3870 videntur.
662 3813 720 3875 Qui
740 3833 835 3873 murae
884 3819 960 3896 apud
973 3819 1102 3898 tragicos,
1111 3821 1187 3897 quod
1196 3819 1272 3896 apud
1280 3817 1428 3876 Pollucem

290 3889 440 3967 impatiens
463 3903 515 3960 est,
538 3893 649 3969 qualem
673 3911 735 3952 esse
758 3894 832 3952 Pen·
883 3909 914 3956 et
931 3900 1107 3967 recentiores,
1122 3918 1188 3957 usus
1209 3895 1269 3971 ejus
1292 3897 1322 3954 in
1342 3895 1428 3955 vesti-

290 3965 528 4050 theumarguunt
549 3974 619 4032 haec
639 3975 731 4042 verba,
746 3972 789 4048 ἄρ’
805 3980 835 4041 ὥς
883 3977 936 4034 bus
957 3978 1105 4037 mulierum
1127 3976 1208 4034 nobis
1227 3976 1313 4035 etiam
1337 3976 1429 4054 magis

290 4053 415 4124 τάχιστοι,
436 4049 461 4108 is
483 4051 617 4129 temporis
639 4072 739 4131 parcus
759 4065 834 4112 esset
882 4056 1025 4114 familiaris
1039 4068 1179 4134 estquam
1197 4055 1336 4135 Euripidi.
1370 4057 1428 4114 Sed

291 4129 533 4190 solet-Mallem
556 4138 598 4189 τοῦ
621 4137 688 4190 πόνου
711 4134 738 4191 δέ
759 4139 784 4190 e'
809 4139 834 4191 od
882 4147 990 4193 mutata
1015 4136 1122 4194 videtur
1148 4135 1223 4194 vocis
1245 4125 1426 4216 'significatis

290 4214 378 4285 poert.
418 4212 473 4270 Est
492 4223 587 4270 autem
607 4211 653 4272 hic
671 4219 696 4269 σ·
715 4232 767 4290 pro
784 4217 831 4272 σοι’.
882 4233 973 4292 oeque
985 4215 1116 4293 cuiquam
1127 4228 1225 4277 auctor
1234 4216 1298 4286 sim,
1308 4229 1341 4276 ut
1350 4218 1428 4275 hunc

290 4289 366 4356 Vide
383 4303 485 4350 notata·
499 4291 535 4360 ad
552 4291 631 4350 Med.
646 4293 695 4366 5⁶.
710 4293 793 4368 Χρόνος
805 4305 834 4352 et
881 4314 991 4353 versum
1004 4295 1123 4374 Anglice
1137 4297 1252 4357 reddet:
1278 4301 1337 4358 Pur
1352 4317 1388 4355 oa
1409 4316 1430 4352 a

290 4369 355 4437 πόνος
375 4382 549 4446 commutata
563 4369 682 4456 vidimus
700 4373 736 4430 ad
757 4373 832 4450 Hip·
882 4378 982 4434 mucha
995 4379 1078 4434 dress.
