3194 5102
316 650 737 741 ΕΥΡΙΠΙΔΟΥ
781 654 1080 742 ΒΑΚΧΑΙ.
1159 695 1161 701 s

565 937 830 979 ψ

239 1195 322 1348 Η
348 1171 405 1240 Kar
424 1158 505 1248 Aria
520 1164 608 1248 artie
625 1157 713 1255 triade
731 1167 889 1259 Θηβαίων
904 1158 1007 1262 xiim

352 1286 516 1378 Διίνυτος,
533 1290 565 1368 ‘iu
582 1291 683 1368 τίκτει
701 1287 772 1369 ττὸθ’
789 1294 807 1384 ἦ
824 1285 965 1396 Koidytou
983 1292 1056 1398 κὸρη

235 1409 377 1516 Erycina,
397 1409 574 1508 noxevleh'
591 1415 836 1522 ἀστρατηφὸρῳ
854 1415 942 1521 πυρί.

231 1529 357 1638 μορφὴν
375 1526 408 1610 d'
428 1525 595 1641 ἀμείψας
613 1535 652 1614 ἐκ
670 1531 737 1614 θεοῦ
752 1537 939 1642 βροτησίαν,

231 1657 369 1766 πάρειμι
390 1663 512 1767 Δίρκης
531 1660 664 1767 νάματ’,
684 1659 871 1766 ’loyearaid‘
890 1657 981 1770 heloy.

111 1829 116 1832 ·
229 1781 291 1886 o‘poi
305 1777 341 1862 di
355 1783 475 1888 μητρὶς
489 1783 606 1889 μνῆμα
622 1782 679 1878 τῆς
696 1787 867 1892 κεραυνίας

227 1903 299 1988 etl
317 1908 423 2010 a'yyhe
439 1913 542 1999 οἴκων,
561 1917 620 1990 arti
640 1905 747 2014 Σίμων
761 1910 887 2013 ἐρείπια

229 2033 442 2136 wadriaco,
464 2034 543 2109 Aion
561 2065 594 2109 τε
610 2029 711 2135 napis
728 2029 772 2107 ἔτι
791 2029 900 2136 {droa
916 2031 1052 2133 φλέγει,

156 2257 339 2308 arnnmon
352 2250 501 2323 ananan]
532 2249 579 2308 Sic
591 2251 658 2307 MS.
707 2248 785 2316 chus,
814 2243 986 2315 Athenaeus,
1005 2259 1041 2318 nt
1071 2246 1139 2306 alios
1167 2250 1254 2312 omit-

113 2328 271 2388 Palatinus.
312 2328 369 2387 Sed
394 2328 599 2386 Laurentianus
623 2331 658 2386 C.
707 2339 776 2385 tam.
818 2326 874 2388 Qui
894 2346 956 2384 eam
977 2327 1136 2386 Pentheum
1157 2333 1253 2409 appel·

111 2427 270 2485 omnesque
287 2409 323 2465 ab
336 2427 371 2466 eo
384 2407 508 2474 derivati,
523 2407 553 2465 ni
566 2407 657 2475 fallor,
707 2406 747 2463 lat
760 2406 849 2465 codex
863 2405 1078 2476 Laurentianus,
1090 2409 1175 2468 etiam
1191 2413 1252 2469 Eu-

112 2491 241 2562 Εὐριτίδον
265 2489 378 2553 Πενθεύς.
413 2489 450 2546 la.
478 2485 596 2544 Vossius
622 2487 658 2544 ad
707 2482 803 2564 ripidis
817 2483 1006 2565 Hippolytum
1022 2488 1146 2564 appellat
1160 2489 1251 2550 Phae-

27 2616 52 2634 ,.
113 2566 258 2624 Catullum
286 2587 314 2644 p.
345 2583 411 2624 aar.
453 2568 600 2641 Earividee
628 2571 658 2624 ia
706 2565 794 2624 dram.
831 2566 939 2624 Contra
953 2565 1037 2625 firisse
1051 2567 1188 2640 videntur,
1202 2570 1252 2648 qui

29 2701 35 2712 ,
112 2647 237 2714 Bacchis,
258 2663 304 2702 reu
325 2649 353 2702 in
374 2647 506 2712 Pentheo,
527 2649 566 2705 ric
585 2650 656 2705 enim
705 2644 852 2722 Sophoclis
886 2647 1043 2704 Phaedram
1076 2650 1252 2726 appellarent

112 2728 141 2783 in
152 2727 353 2800 lihriaoatiqaia
363 2729 416 2782 iata
427 2728 581 2783 inscribitur
594 2735 655 2783 tro·
706 2724 904 2803 Hippolytum.
946 2723 1040 2783 Simili
1058 2745 1150 2788 errore
1165 2729 1250 2788 Euri·

31 2792 36 2872 ζ
110 2807 217 2878 gordio.
242 2803 321 2864 Libri
334 2803 380 2862 isti
391 2805 499 2882 antiqui
513 2806 587 2863 haud
601 2807 654 2864 du·
703 2803 778 2882 pidei
792 2804 902 2864 Orestis
919 2804 1016 2863 titulus
1037 2821 1081 2864 est
1100 2807 1129 2864 in
1150 2808 1249 2870 multis

32 2936 34 2944 ,
112 2883 158 2942 bie
173 2896 240 2942 sunt
260 2885 348 2942 codex
369 2884 424 2954 ille.
438 2905 522 2961 quem
536 2884 652 2952 Vossia·
703 2883 779 2942 libris
798 2889 922 2960 Εὐριπίδου
940 2885 1074 2960 Ἠλέκτρα.
1116 2887 1151 2943 ln
1171 2889 1248 2947 Bao·

32 2953 38 2974 ⁵
114 2984 179 3022 num
193 2964 333 3041 appellare
346 2965 479 3022 solemus.
513 2965 653 3024 Nonnihil
702 2964 818 3022 charum
837 2963 951 3022 nomine
972 2964 1107 3022 mutando
1126 2985 1161 3024 eo
1177 2957 1248 3026 fuci-¹

113 3044 146 3100 de
166 3063 200 3102 eo
218 3043 276 3102 dixi
296 3043 325 3100 in
346 3045 526 3120 praefatione.
567 3046 653 3104 Hanc
702 3041 755 3100 lior
776 3042 829 3100 fuit
849 3062 934 3110 error,
948 3043 1024 3119 quod
1036 3044 1167 3122 Aeschyli
1187 3058 1245 3106 tre-

114 3123 231 3182 labulam
248 3125 300 3181 sub
317 3123 435 3182 Penthei
450 3122 565 3182 nomine
578 3123 652 3182 bisa
700 3121 800 3200 goedia
814 3123 956 3182 Pentheus
971 3121 1047 3180 dicta
1061 3136 1113 3181 eat.
1219 3146 1221 3154 ¹

108 3204 230 3262 ⁴Stobaeo
240 3201 319 3261 citari
329 3215 426 3262 monet
435 3203 584 3262 Piersonus
592 3205 650 3261 Ve·
745 3221 770 3259 1.
789 3202 894 3260 Confer
909 3202 1046 3261 Hecubae
1058 3215 1088 3262 et
1100 3203 1244 3266 Troadum

115 3280 194 3340 riaim.
214 3304 242 3361 p.
265 3302 331 3341 120.
366 3283 445 3342 Loca
466 3282 594 3340 indicabo
614 3283 650 3340 nd
700 3280 1021 3360 prologos,quiaverbo
1034 3284 1082 3354 ἥκω
1096 3283 1244 3362 incipiunt.

114 3381 150 3419 vv.
171 3377 238 3437 314.
260 3364 328 3440 385.
363 3362 437 3420 Vide
458 3361 544 3420 etiam
566 3363 601 3420 ad
623 3382 647 3436 v.
741 3361 768 3418 8.
789 3361 896 3420 Aldus:
918 3363 1115 3440 reciperatae
1133 3389 1161 3422 τε
1177 3369 1246 3444 τυρὸς

116 3459 176 3516 270.
196 3441 343 3509 Nonnulli,
353 3441 382 3498 in
398 3442 498 3518 quibua
511 3454 555 3500 eat
566 3445 646 3500 Mat·
697 3437 734 3498 ἔτι
747 3446 829 3512 ζῶσαν
841 3441 937 3533 palpa.
965 3443 1027 3500 Nec
1041 3441 1145 3501 variare
1158 3443 1243 3513 credo

115 3523 188 3589 thiae,
201 3521 306 3600 duplici
322 3522 438 3580 nomine
452 3522 573 3580 fabulam
591 3522 647 3580 aive
695 3521 783 3579 MSS.
804 3519 857 3578 nisu
876 3521 953 3598 quod
972 3522 1031 3579 Pal.
1058 3523 1144 3581 Laur.
1165 3538 1242 3599 cete·

115 3609 217 3679 apohta
231 3601 315 3660 sivea
327 3601 516 3679 grammaticis
530 3601 645 3680 insigni·
697 3599 774 3676 rique
796 3601 913 3658 fortasse
934 3611 1033 3658 omnes
1055 3603 1084 3657 τὲ
1106 3623 1171 3660 cum
1193 3625 1240 3664 ac·

116 3693 166 3738 tarn
185 3694 292 3758 putant.
308 3700 409 3756 nempe
425 3684 526 3746 Πενθεὺς
541 3680 555 3752 ἦ
575 3686 644 3738 Βάκ·
696 3692 780 3738 centn
795 3679 928 3756 scripturn
943 3681 1056 3737 habent.
1088 3682 1239 3742 Baroesiua

69 3748 71 3795 !
116 3785 161 3832 χαι.
193 3762 348 3820 Conferant
368 3759 586 3837 Sophoclearum
602 3761 645 3818 fa·
696 3760 768 3817 harre
792 3759 966 3836 particulam,
990 3778 1062 3834 quae
1083 3762 1240 3821 sententiae

70 3826 76 3991 l

75 4032 79 4115 ι

117 3841 231 3898 balurum
251 3840 375 3908 nomina,
388 3842 505 3915 Ἀκρίσιος
520 3838 535 3908 ἢ
549 3847 645 3913 napae·
687 3839 849 3898 ¹necessaria
868 3851 920 3905 est,
937 3838 1009 3896 clam
1030 3838 1138 3898 omisit.
1176 3842 1237 3900 Re-

117 3929 180 3988 anias,
197 3926 292 3997 Ἀτρεὺς
309 3920 324 3989 ἢ
344 3925 492 3989 Mammiae,
507 3919 611 3990 Μέμνων
629 3917 644 3987 ἢ
693 3917 801 3974 vocavit
814 3932 876 3976 eam
886 3917 1073 3997 Musgravius,
1085 3920 1129 3978 vel
1142 3921 1237 3998 potius

117 4005 215 4068 Αἰθίοπες,
231 3999 286 4058 alia
300 4000 396 4058 multa.
429 3998 484 4056 Sed
498 3996 644 4056 baudscio
693 3996 859 4054 aBarnesio
880 3997 1012 4058 omissam
1033 4019 1093 4058 ease
1111 4002 1236 4062 nescivit.

119 4097 145 4136 an
166 4080 239 4138 nulla
261 4078 403 4156 Euripidis
424 4075 565 4155 tragoedia
586 4076 642 4134 dno
684 4078 763 4152 Aug.
778 4096 842 4134 vero
854 4077 996 4136 Matthiae
1009 4081 1065 4136 Δίου
1077 4087 1101 4135 τ’
1115 4079 1152 4137 ἔτι
1169 4085 1237 4158 τυρὸς

79 4180 83 4239 '.
120 4159 215 4220 nomina
235 4159 370 4218 habuerit.
411 4159 474 4215 Nec
493 4155 640 4232 quisquam
691 4155 770 4214 dedit
781 4175 815 4214 ex
829 4151 990 4232 conjectura
1002 4156 1121 4217 Poraoni
1135 4160 1171 4217 ad
1184 4162 1234 4220 Or.

121 4251 221 4298 aeterum
244 4238 304 4314 ejus
326 4236 445 4297 Penthei
469 4235 641 4294 mentionem
690 4245 759 4311 499.
788 4234 876 4310 Cujus
898 4239 980 4296 verba
1000 4251 1081 4298 aunt:
1106 4239 1233 4300 Mutatur

82 4314 84 4343 ¹
120 4316 199 4378 letinae
211 4319 327 4377 ridetur.
361 4319 487 4376 Bacchas
506 4317 580 4374 hanc
597 4315 639 4372 fa·
690 4324 729 4372 eat
752 4317 893 4374 umbonum
917 4321 982 4390 ordo
1006 4317 1164 4393 abaliquo.
1187 4325 1234 4396 qui

121 4396 194 4458 hulam
219 4398 362 4478 appellant
388 4398 499 4464 Strabo,
527 4395 638 4453 Plutar-
676 4415 778 4474 ¹trucem
791 4393 829 4452 ἔτι
842 4417 861 4454 o
874 4398 961 4466 ambo,
976 4401 1013 4460 od
1026 4399 1099 4473 qaod
1110 4402 1231 4474 pertine.

744 4495 762 4532 a
