3194 5102
469 249 774 316 ΕΥΡΙΠΙΔΟΥ
809 249 1026 318 ΒΑΚΧΑΙ.

1255 255 1320 338 ‚³9

252 446 254 451 '
288 427 376 532 ζητεῖ
392 463 443 508 νιν.
475 423 540 509 olle
558 425 591 508 θ’
612 430 723 522 adria,
742 427 781 513 ἶνν
799 432 868 525 οἷκον
885 429 969 539 σέρι,

287 546 313 626 ii
330 584 366 628 τε
383 549 545 658 ξυνεθέμην
562 551 712 662 πρέσβυς
730 553 771 634 ὢν
788 553 972 664 γεροοιτέρῳ,

287 668 415 776 θθρσους
432 675 602 766 οὶνοίστειν,
624 682 683 756 cal
704 677 816 785 νεβρῶν
833 672 931 785 dapnis
950 663 1046 776 ἔχειν,

286 799 463 901 στεφοονοῧν
480 833 516 878 τε
536 789 645 906 ιοροῖτοο
665 785 821 885 κισσίνοις
838 799 1094 905 βλαστήμασιν.

178 935 252 1000 KA.
280 919 330 1001 'n
349 921 499 1026 φίλτοοθ,
520 928 563 1010 ὡς
582 923 638 1018 σην
656 925 751 1031 γῆρυν
769 924 904 1040 ᾐσθόμην
925 925 1042 1018 κλθονν,

287 1042 389 1150 copia
407 1049 510 1150 σοφοῦ
528 1053 607 1154 παρ’
626 1042 749 1154 ἀνθρδς,
769 1049 798 1127 ἐν
816 1042 961 1153 δόμοισιν
979 1046 1031 1130 οἷν·

286 1171 354 1264 lixo
373 1166 406 1250 θ
427 1171 565 1277 ἕτοιμος,
584 1167 669 1266 'siud'
691 1172 773 1270 ἔχων
792 1169 906 1266 catuli
925 1171 1002 1256 θεοῦ.
1258 1203 1318 1254 180

286 1292 338 1378 θεῖ
351 1297 421 1406 γάρ
441 1334 481 1378 νιν
498 1299 574 1379 θντοο
592 1294 708 1380 naida
728 1297 909 1407 1θυγοιτρδσ
926 1299 962 1406 ἐξ
980 1297 1061 1405 ipis
1140 1323 1236 1378 νσοιθι

223 1545 287 1618 176.
307 1545 409 1604 Malim
423 1551 535 1626 ἅνοιίρειν,
550 1552 664 1620 elevare,
676 1560 721 1608 at·
771 1552 845 1609 Hec.
860 1569 947 1625 1114.
955 1545 993 1608 'n
1007 1552 1124 1628 φίλτατ’,
1138 1549 1246 1624 Ισθθμην
1257 1553 1316 1626 γὰρ,

178 1627 280 1686 tollere.
306 1627 520 1688 Musoravrus.
555 1631 660 1688 Sensus
680 1631 721 1688 vi·
769 1635 934 1706 Ἀγάμεμνον,
973 1631 1043 1688 σέθεν
1060 1627 1065 1710 Ι
1083 1634 1161 1707 φωνῆς
1199 1633 1315 1698 ἀκοθσος,

176 1705 257 1762 detur
267 1725 332 1764 esse
344 1711 439 1783 θύρσους
455 1713 573 1772 ἀνάσσειν
585 1723 675 1784 κισσφ,
691 1723 722 1769 ut
770 1717 865 1787 οίσορᾷς
895 1710 914 1767 οἳ
938 1715 1088 1784 σθσχομεη
1121 1707 1203 1768 Dixit
1231 1709 1317 1768 etlam

175 1789 292 1842 ἀνοίστου
310 1786 448 1866 significet
461 1787 650 1867 ἐξονοστέφοιν,
665 1812 721 1867 quo
770 1790 860 1849 Rhesi
881 1791 1001 1868 scriptor
1013 1810 1038 1847 v.
1053 1790 1122 1848 608.
1143 1790 1253 1846 Δι’σιοοινΙ
1271 1797 1316 1847 Ἀ-

176 1866 259 1922 verbo
272 1865 361 1925 utitur
374 1880 470 1927 noster
481 1889 507 1926 v.
526 1885 611 1944 1053.
771 1875 845 1938 θοίνα,
872 1871 1017 1946 φθέγματος
1049 1873 1098 1944 γὰρ
1129 1870 1236 1942 Ισθίμην
1253 1866 1258 1948 Ι
1275 1877 1318 1926 τοῦ

182 1983 187 1992 ·
220 1946 284 2017 178.
301 1947 331 2004 Si
342 1949 431 2005 codex
442 1969 537 2016 sanus,
548 1951 618 2006 haec
632 1950 722 2024 [ησθί-
771 1958 814 2006 οοθ
828 1951 917 2017 συνήθη
929 1953 1001 2023 γῆρυν
1014 1948 1150 2018 (lunium
1164 1952 1212 2022 γὰρ
1230 1945 1235 2026 Ι
1252 1973 1316 2022 σορ-

176 2048 224 2096 μην
241 2028 330 2100 κλιίυν]
355 2025 431 2084 idem
449 2027 544 2084 valent
558 2047 590 2098 ac
603 2033 721 2085 ονίσθάνε-
771 2033 821 2083 οὔτ’
833 2032 931 2100 ἀμθνεις
940 2035 989 2092 τοῖς
999 2032 1063 2099 ἐμοῖς
1072 2029 1115 2082 ἀεί
1124 2029 1260 2098 ποτε)·τδν
1271 2027 1316 2082 ἄν·

176 2107 236 2160 σθοιι
250 2105 349 2173 ε’δθκουν,
364 2109 594 2163 sentirevidebar.
619 2106 666 2164 Sic
680 2108 721 2164 al·
772 2111 815 2182 δροι
829 2111 849 2164 δ’
863 2107 976 2179 ἣμῒνθιιοῦ
990 2108 1159 2162 κοοτεθνιιστοιι
1172 2102 1299 2185 ‹ppulo-an}

176 2193 220 2240 ter
243 2183 380 2261 interpres
403 2204 464 2242 rem
486 2185 603 2261 accepit.
644 2186 724 2244 Alter
771 2186 974 2242 ιιθθεντέτονκτοιι
987 2187 1112 2260 βαρβάρου
1123 2189 1317 2258 στρατεύματος.

175 2262 284 2320 videtur
305 2265 392 2337 ἦδθμην
414 2263 525 2344 legisse,
546 2285 617 2341 quae
638 2266 722 2324 lectio
773 2264 819 2324 Sic
840 2265 925 2322 etiam
942 2263 1097 2341 Sophocles
1112 2264 1183 2320 Oed.
1199 2266 1232 2321 C.
1250 2266 1317 2340 891.

176 2341 284 2400 melior.
322 2346 411 2408 Quum
432 2348 550 2402 laetatus
568 2363 626 2402 νυνι
647 2353 723 2403 tuom
766 2339 804 2402 ’Ὦ
817 2349 934 2422 φίλτατ’,
949 2342 1022 2419 ἔγνον
1041 2345 1139 2420 γὰρτὸ
1152 2347 1319 2420 προσφώνημα

175 2441 267 2479 vocem
285 2427 405 2481 audient.
430 2426 562 2484 Pondus.
597 2427 723 2499 Ηῖσθθμην
770 2426 821 2492 cix,
841 2421 846 2504 Ι
863 2425 970 2481 πέπονθα
997 2427 1062 2480 δεινὰ
1088 2427 1150 2480 τοῦδ’
1175 2429 1214 2479 ὑπ’
1238 2427 1319 2501 ἀνδρὸς

175 2503 211 2558 ab
231 2507 391 2578 αίσθοίνομοιι,
404 2505 457 2562 -sln
477 2507 598 2578 ἥσθημοοι,
613 2507 648 2562 ab
668 2507 721 2574 ἤδο-

173 2607 231 2654 μου.
252 2582 406 2657 Α1.ἡδο’μην.
428 2587 615 2642 Βοννινυηνε.
653 2586 720 2642 Ma-

174 2662 223 2718 lim
236 2667 347 2737 Ιοθημην
366 2664 448 2742 [sic],
464 2674 496 2722 ut
515 2668 632 2722 laetatus
650 2685 720 2735 sum,

173 2753 259 2818 prout
280 2756 309 2801 et
330 2744 431 2822 legisse
453 2744 562 2802 videtur
579 2747 721 2822 interpres

175 2821 303 2900 udgaris.
345 2826 518 2886 Erramus.
580 2827 720 2902 interpres

174 2900 293 2979 vulgaris
320 2915 364 2961 est
389 2907 501 2972 Portus,
527 2903 606 2978 cujus
633 2905 720 2962 codex

174 2993 218 3038 est
237 2983 281 3040 ed.
295 2984 468 3052 Basiliensis‚
484 3005 568 3062 quarn
591 2983 718 3042 Stiblini-

173 3080 257 3118 auam
272 3063 412 3140 appellare
425 3065 512 3122 soleo.
533 3064 615 3122 Nilril
625 3063 719 3122 omni-

175 3159 213 3196 uo
228 3141 301 3198 valet
314 3144 441 3201 Barnesii
455 3143 629 3220 Heathiique
649 3164 718 3202 oon·

70 3253 77 3260 ·
168 3217 281 3290 jactura
293 3222 412 3295 ἦσθῆμην,
427 3222 467 3282 sic
485 3223 561 3281 enim
582 3243 630 3282 eos
650 3223 718 3282 scri-

174 3301 240 3357 bere
253 3301 373 3360 voluisse
386 3321 497 3360 censeo.
531 3305 607 3362 Nom
622 3303 644 3361 si
658 3323 719 3362 ver-

173 3380 242 3437 bum
271 3381 358 3454 ἥδομοιι
391 3384 506 3441 haberet
539 3387 718 3460 παρακείμενον,

173 3479 267 3536 quem
280 3461 388 3518 nullum
409 3464 503 3531 habet,
523 3463 618 3540 potius
638 3461 720 3536 ἧσμοιι

172 3559 258 3615 quam
286 3542 396 3616 ᾔσθημαι
421 3544 544 3602 haberet.
593 3546 720 3602 Praestat

173 3618 259 3696 igitur
285 3622 383 3695 ηδίμην,
411 3623 487 3699 quod
514 3644 530 3680 a
556 3623 719 3702 Musgravio

173 3702 323 3775 probatum
344 3702 459 3760 admisit
479 3703 647 3761 Brunckius.
690 3703 720 3761 Si

174 3792 258 3848 recte,
278 3782 466 3840 conferendus
487 3795 584 3840 noster
604 3803 629 3840 v.
650 3784 718 3858 609.

175 3866 206 3925 ὥς
230 3866 326 3918 ἐσεῖδον
346 3865 442 3936 ἀσμένη
469 3889 508 3931 σε,
533 3867 615 3936 μονοίδ
638 3861 719 3936 ἔχοντ’

175 3943 282 4014 ἐρημίαν.
305 3943 360 3999 Sed
371 3943 455 4020 obJ'ici
469 3955 563 4020 potest
573 3942 638 4001 huic
648 3941 718 4000 scri·

172 4031 279 4096 ptume,
295 4023 373 4097 quod
386 4023 480 4100 potius
493 4025 580 4097 ἥδομαι
591 4023 634 4082 vel
644 4024 720 4092 ἥσθην

770 2509 865 2579 ἀρτίως.
905 2505 951 2562 Ex
971 2502 1013 2560 his
1033 2502 1169 2580 exemplis
1187 2514 1317 2562 constare

771 2584 842 2641 mihi
852 2583 971 2652 videtur,
983 2583 1167 2641 revocandam
1178 2602 1241 2640 esse
1254 2585 1315 2640 vul-

770 2676 865 2742 gatam
878 2663 995 2738 ᾐσθόμην.
1017 2663 1103 2725 Quod
1113 2662 1149 2720 ad
1163 2668 1192 2728 ὦς
1205 2662 1316 2732 attinet,

770 2743 910 2823 significat
932 2745 993 2810 ἐσσί,
1017 2743 1047 2800 ni
1069 2742 1159 2809 fallor,
1185 2754 1217 2798 ut
1242 2744 1315 2819 apud

769 2824 986 2901 Aristophanem
1001 2823 1068 2899 Lys.
1085 2839 1170 2896 1109.
1184 2822 1248 2889 ου’τίη
1258 2829 1316 2896 γὰρ,

770 2911 799 2970 ὦς
825 2902 932 2972 ἥκουσιν,
960 2905 995 2971 ἥδ’
1025 2899 1161 2976 ἐξέρχεται.
1208 2902 1317 2959 Confer

769 2984 874 3040 Bacch.
894 2983 963 3055 690.
988 2981 1074 3037 1086.
1099 2997 1183 3054 1093.
1218 2979 1316 3038 Minus
1370 2984 1372 2988 ’

769 3063 852 3140 plene
866 3061 951 3140 igitur
963 3071 1029 3137 post
1042 3081 1067 3116 v.
1082 3076 1147 3134 179.
1162 3058 1284 3116 distinxi.

814 3159 878 3217 179.
900 3139 959 3198 Pal.
982 3137 1048 3216 οοφ“
1068 3147 1153 3216 σοφοῦ,
1178 3139 1253 3214 quod
1273 3151 1317 3198 est

769 3224 943 3300 σοῲδνσυφοῧ.

814 3304 878 3360 180.
892 3299 1060 3358 Maluissem
1068 3299 1159 3374 ἕτοιμος
1169 3302 1227 3370 ἥκω,
1236 3320 1316 3378 prac-

769 3395 854 3442 eunte
864 3381 971 3440 scilicet
984 3387 1014 3446 ὡς
1027 3379 1083 3438 sive
1094 3384 1154 3438 ἐπεί.
1177 3381 1231 3438 Sed
1246 3380 1316 3438 dixit

770 3462 925 3540 Sophocles
931 3461 1138 3518 Oed.T.1266.
1145 3463 1197 3517 ἐπεὶ
1208 3465 1274 3536 δέρῇ
1293 3457 1298 3540 Ι

769 3542 846 3600 ἔκειτο
858 3543 966 3612 τλήμων,
978 3545 1043 3598 δεινὰ
1057 3544 1075 3597 δ’
1091 3537 1119 3608 ἦν
1131 3541 1237 3596 τάνθένδ
1250 3545 1316 3616 θροῖν.

813 3624 878 3680 181.
899 3620 1001 3680 Malim
1015 3624 1097 3677 συνίδοι
1110 3621 1193 3686 παιδὸς
1206 3617 1234 3684 ἐξ
1248 3623 1316 3692 ε’μῆς.
1411 3671 1415 3680 ,

769 3704 848 3761 ldem
863 3702 937 3759 valet
956 3700 1031 3777 apud
1046 3698 1166 3776 tragicos
1179 3705 1238 3763 σοῖς
1252 3723 1314 3755 σου·

769 3785 814 3850 aa,
842 3782 919 3858 quod
951 3779 1025 3856 apud
1052 3797 1152 3856 prosae
1179 3776 1316 3837 orationis

769 3862 918 3940 scriptores
937 3865 1011 3926 θῑδνῧς
1030 3870 1059 3916 et
1080 3862 1248 3934 θυγατριδοῦς,
1270 3860 1317 3917 llll

769 3954 865 4000 noster
883 3939 1157 4014 iufrav.1336.cl;
1181 3939 1237 4010 (vel
1257 3943 1313 4012 σῆς)

768 4027 788 4080 δ
803 4021 854 4095 ἔχει
869 4025 932 4092 δίκην
950 4017 955 4100 Ι
971 4028 1030 4086 ταῖς
1049 4019 1139 4085 nattis.
1174 4019 1232 4078 Ubi
1253 4018 1317 4076 vide

135 4104 144 4120 ‘
171 4099 200 4156 iu
225 4099 310 4158 simili
335 4122 420 4160 sensu
442 4102 499 4161 dici
526 4104 606 4172 solet,
633 4123 718 4181 quam
769 4114 914 4159 annotata.
938 4102 1075 4175 ,Θνρατνῦι
1094 4119 1128 4156 θΧ
1149 4097 1315 4174 ὶῦίθῐθθθῐθ·
1377 4115 1379 4122 ’

172 4179 266 4252 ἦθίμην.
298 4181 412 4240 Deinde
431 4183 572 4262 vulgatam
592 4182 719 4262 agnoscit
769 4181 847 4240 tione
863 4191 965 4237 'natum
979 4179 1096 4238 videtur.
1130 4179 1213 4255 Apud
1231 4175 1316 4234 Euri·

172 4259 426 4341 Pseudogregorius
439 4283 463 4320 v.
481 4263 719 4340 1145.1icetejus
769 4260 863 4338 pidem
879 4261 929 4318 Or.
941 4276 1010 4334 374.
1025 4278 1119 4316 veram
1136 4255 1316 4332 scripturam,

172 4339 330 4399 auctoritati
358 4363 416 4400 non
441 4343 562 4399 multum
587 4343 717 4401 tribuam.
768 4344 811 4408 τῆς
828 4343 972 4415 Τννδννρέἷαι
989 4340 1073 4402 nortl<
1091 4340 1184 4394 ἀνόσιον
1205 4336 1316 4411 diune

171 4418 226 4476 Sed
237 4421 312 4496 quod
323 4421 474 4480 maximum
484 4434 537 4490 est,
545 4421 615 4480 dixit
623 4434 720 4481 noster
768 4421 854 4478 MSS.
870 4419 983 4476 admisit
1001 4420 1154 4475 Porsonus.
1187 4414 1216 4471 Si
1235 4415 1313 4504 lphi-

819 4518 869 4572 04
