3194 5102
466 186 769 255 ΕΥΡΙΠΙΔΟΥ
803 185 1022 251 ΒΑΚΧΑΙ.
1262 185 1306 250 51

289 369 416 464 θνητοῖς,
435 371 451 448 ‘i
470 367 571 448 111ιῦ11
589 366 663 452 roim
680 347 914 474 raactrcipour
931 361 1066 470 βροτοῖο·
1251 389 1315 442 180

288 493 410 588 λύπης,
426 492 469 574 ’ὅτ’
488 490 529 573 dv
546 489 736 584 πληοθῶοιν
753 485 912 594 οὶμπέλοο
929 485 1010 594 ῥοῆς·

289 614 383 696 ὕπνον
400 649 447 705 τε,
467 613 559 708 λήθην
577 613 637 693 roll
657 609 730 693 καθ’
750 609 865 720 ripatici
885 607 1012 698 κοοκῶν,

288 731 430 826 diderit,
451 731 518 816 οὐδΝ
540 735 603 816 ἔστ’
623 733 715 814 ἄλλο
734 733 916 841 φάρμακον
934 731 1046 812 πίνων.

107 939 113 956 ,
225 902 230 910 ·
288 855 377 943 οὗτος
395 855 490 938 θεοῖσι
509 851 682 938 moderat
702 855 770 941 laic
786 852 912 957 ytyois,

287 978 371 1060 ὅστε
390 976 448 1060 Ab
465 983 570 1060 τοῦτον
587 976 707 1081 rdydl
728 975 909 1085 ἀνθρώπους
928 977 1022 1074 ἔχειν.
1249 1007 1310 1057 285

289 1109 348 1183 nat
370 1111 577 1214 κοοτοογελοῖς
594 1138 646 1192 νιν,
666 1106 711 1188 ὡς
729 1100 876 1210 ἐνερῥοίφη
897 1100 978 1188 Acir

178 1321 252 1380 riant
265 1335 374 1383 ceterae
387 1321 720 1392 effitiones,licetreccn-
769 1322 932 1402 Euripidem
957 1343 1015 1382 non
1043 1322 1116 1382 male
1143 1318 1311 1398 scripturmn

177 1403 262 1460 tiores
273 1415 347 1460 recte
357 1407 472 1476 πώματος
483 1403 606 1464 habeant
616 1424 641 1461 v.
653 1418 718 1478 707.
769 1405 862 1473 fuisse,
877 1402 901 1460 si
914 1401 1071 1480 scripsisset
1089 1405 1130 1460 διὰ
1142 1407 1224 1458 τοῦτον
1238 1398 1311 1457 ὥστε.

177 1483 262 1540 Hanc
276 1480 441 1560 scripturam
456 1482 559 1559 ubique
569 1481 720 1541 admitten·
769 1485 845 1542 Nam
863 1487 904 1540 διὰ
916 1491 998 1539 τοῦτον
1015 1481 1044 1538 in
1059 1481 1140 1539 initio
1154 1497 1247 1536 versus
1261 1497 1311 1536 eo·

177 1563 242 1619 dam
257 1581 317 1620 esse
330 1561 426 1619 docuit
441 1564 583 1620 Porsonus
597 1565 633 1620 ad
645 1565 719 1620 Hec.
769 1565 833 1622 dem
848 1561 913 1636 jure
926 1560 1049 1628 dixisset,
1064 1581 1120 1638 quo
1133 1564 1201 1636 παρὰ
1215 1561 1251 1615 σοὶ
1265 1569 1309 1616 λε-

177 1660 245 1717 392.
260 1640 309 1699 ubl
323 1661 398 1699 nunc
412 1641 529 1720 legitur:
548 1644 720 1708 caltiniaca
768 1644 849 1717 ‘ydolo
868 1663 892 1700 v.
908 1661 976 1717 334.
998 1648 1055 1718 παρ’
1069 1644 1121 1715 ἐμοὶ
1139 1660 1165 1696 v.
1181 1654 1249 1714 502.
1271 1640 1311 1695 tri

176 1727 239 1794 πῶμ’
258 1724 364 1794 αἵματος
380 1723 521 1795 γενήσεται.
562 1721 653 1782 Recte
668 1722 718 1780 Al·
746 1726 845 1792 ,δαῖτα
858 1742 883 1779 v.
902 1735 986 1796 1245.
1029 1722 1084 1778 Sed
1104 1719 1245 1798 vulgatam
1265 1737 1310 1775 sa·

176 1799 243 1858 dina
254 1800 331 1877 Cycl.
347 1818 411 1875 191.
425 1801 521 1876 βότρυος
533 1804 585 1874 ἐμοὶ
597 1807 660 1875 πῶμ’
674 1807 718 1858 ἀν-
769 1821 835 1858 nam
853 1812 932 1878 puto.
968 1801 1052 1862 Quod
1072 1800 1108 1856 de
1125 1796 1268 1876 particulis
1281 1821 1311 1854 τε

175 1880 365 1946 vilimercato.
399 1880 507 1937 Eadem
528 1887 624 1937 tam'en
644 1879 720 1937 haud
769 1891 841 1954 etye
854 1879 952 1937 statuit
965 1881 1116 1945 Porsonus‚
1129 1874 1309 1943 etiamdeciv,

177 1977 238 2016 raro
256 1958 370 2015 alteram
385 1959 505 2014 formam
526 1969 616 2016 metro
637 1979 719 2034 repu·
769 1959 803 2026 δὲ,
817 1962 874 2032 γὰρ,
890 1958 935 2031 μὲν
953 1956 1067 2034 aliisque
1087 1953 1229 2012 nonnullis
1250 1955 1311 2030 ple-

175 2050 282 2116 gnante
300 2036 422 2094 exhibet.
454 2036 559 2092 Omnia
573 2036 603 2092 in
615 2061 654 2109 μοι
669 2037 718 2094 de·
768 2056 885 2113 rumque
908 2055 1003 2093 verum
1026 2055 1087 2093 esse
1108 2032 1205 2092 monui
1228 2034 1263 2090 ad
1285 2051 1311 2091 v.

176 2116 297 2176 sinantia
315 2115 500 2194 penultimam
521 2116 596 2192 apud
616 2127 720 2174 veteres
771 2135 837 2192 192.
872 2116 928 2173 Sed
946 2114 976 2172 in
998 2115 1095 2173 mediis
1118 2113 1242 2191 pedibus
1261 2113 1311 2187 (de

79 2195 82 2202 ’
176 2198 345 2274 producunt,
380 2206 490 2271 praeter
514 2193 596 2267 ἴνομο,
624 2197 717 2270 στόμα,
768 2195 869 2272 quibus
887 2194 954 2252 solis
972 2193 1011 2252 ibi
1024 2196 1170 2274 agebatur)
1188 2193 1310 2270 aliquam

175 2275 262 2351 ἔρυμα.
296 2273 498 2332 Recentiorum
526 2286 593 2332 sunt
619 2279 715 2352 εὕρεμα,
767 2273 908 2333 licentiam
929 2287 1044 2332 sumunt
1068 2273 1171 2332 scenici
1198 2281 1309 2350 poetae,

174 2356 241 2428 θέμο
255 2363 285 2411 et
298 2353 409 2412 similia.
682 2418 685 2424 ¹
767 2353 797 2411 in
831 2353 922 2432 primo
956 2373 1020 2412 vero
1053 2354 1137 2432 longe
1164 2360 1309 2432 majorem.

219 2433 286 2490 181.
307 2433 396 2490 Aldus
415 2435 484 2490 irruo
499 2457 537 2490 τε.
569 2433 630 2490 Pal.
649 2435 718 2490 ὕπνου
766 2435 834 2492 Duo
848 2434 976 2511 exempla
988 2453 1021 2492 er
1032 2433 1226 2511 Aristophanis
1239 2433 1309 2490 Plu-

173 2512 213 2571 τὲ.
242 2512 328 2570 Inur.
342 2515 409 2569 ὕπνον
422 2512 460 2570 τὲ.
490 2511 635 2570 Genitivus
649 2515 719 2569 ὕπνου
767 2525 797 2571 to
821 2514 932 2592 regulae
958 2533 1024 2571 suae
1051 2512 1189 2572 contraria
1215 2512 1310 2571 attulit

107 2646 110 2658 ,
174 2592 296 2651 Brodaei
316 2591 455 2650 sententia
474 2591 610 2671 significat
624 2593 718 2650 διὰτὶν
767 2593 827 2671 ipse
860 2594 1011 2651 Porsonus.
1059 2594 1113 2651 Sex
1140 2613 1156 2651 c
1182 2591 1308 2660 comicis,

172 2675 249 2730 ὕπνον.
270 2672 437 2750 Respondet
448 2673 621 2749 Stephanus:
638 2673 718 2728 Molo
766 2691 854 2730 unum
877 2691 894 2730 e
916 2666 1035 2750 satyrico
1061 2674 1187 2730 dramate
1214 2670 1309 2729 addidi

172 2755 248 2818 ὕπνον,
270 2761 303 2809 ut
320 2755 357 2809 sit
378 2771 431 2826 per
454 2755 647 2826 appositionem
673 2753 741 2806 ‹tt-¹
767 2753 909 2810 censurae
933 2751 1095 2809 Trimestris
1121 2753 1157 2808 T.
1184 2749 1251 2808 VII.
1279 2769 1325 2826 p..

172 2839 254 2898 emm,
279 2834 355 2899 ὕπνον,
380 2833 454 2902 λη’θην
476 2839 523 2888 ‘rbi
546 2835 602 2888 καθ’
626 2830 717 2905 ἡμέραν
765 2833 835 2906 448.
876 2832 1033 2888 Numerum
1058 2830 1134 2888 auxit
1160 2829 1308 2887 Dobraeus

171 2918 260 2968 κακῶν.
293 2909 416 2968 Admisit
433 2911 506 2968 hanc
525 2907 716 2984 conjecturam
765 2911 801 2968 ad
814 2909 1031 2986 Aristophanem
1045 2929 1074 2986 p.
1089 2927 1155 2984 104.
1188 2908 1308 2966 Nullum

172 2989 334 3048 Bamesius.
764 2990 865 3046 horum
879 2987 1064 3066 extragoedia
1077 2987 1308 3046 sumtumfateor.

214 3070 284 3125 ibid.
298 3069 386 3126 Aldus
395 3068 542 3144 κοθημὲρον.
558 3067 618 3125 Ρ11.
628 3067 715 3125 Laur.
765 3069 821 3127 Sed
843 3087 934 3144 neque
953 3067 1022 3126 illud
1042 3070 1070 3126 ri
1090 3073 1139 3145 γὰρ
1156 3067 1216 3138 ἴσον,
1231 3068 1307 3146 quod

171 3151 230 3205 καθ’
244 3149 343 3222 ἡμέραν.
371 3147 417 3204 Sic
430 3147 514 3204 etiam
528 3143 675 3204 Matthiae.
765 3149 799 3206 ad
823 3167 847 3204 v.
871 3167 936 3224 192.
960 3148 1051 3218 attuli,
1080 3149 1230 3227 quidquam
1254 3149 1307 3209 sibi

217 3227 253 3284 18
256 3243 283 3300 5.
306 3227 402 3304 Hujus
415 3245 508 3283 versus
522 3225 625 3284 oblitus
639 3225 715 3284 vide·
764 3227 855 3285 simile
867 3228 952 3286 habet
965 3231 1039 3306 apud
1053 3229 1182 3308 tragicos.
1205 3231 1307 3308 Neque

173 3318 221 3363 tur
239 3307 390 3372 Porsonus‚
412 3325 498 3382 quum
519 3306 555 3364 de
573 3303 717 3384 particulis
765 3307 853 3400 magis
874 3327 953 3366 aures
976 3307 1061 3366 laedit
1082 3309 1146 3368 dne
1166 3313 1207 3368 διὰ
1224 3319 1307 3368 τοῦτον

172 3410 204 3443 τε
226 3395 256 3443 et
278 3409 308 3458 pe
330 3384 441 3462 scripsit
467 3385 586 3444 Praefat.
611 3406 640 3463 p.
661 3385 715 3444 xvi.
764 3387 795 3444 in
816 3385 897 3446 mitio
918 3387 1027 3458 senarii,
1042 3407 1125 3465 quam
1146 3388 1170 3446 si
1191 3389 1255 3447 dere
1276 3411 1306 3448 re

173 3477 301 3522 neutram
329 3463 422 3522 earum
453 3465 605 3522 secundam
638 3464 717 3542 pedis
765 3473 829 3525 bera
837 3486 890 3524 vox
900 3467 1034 3546 disyllaba
1047 3479 1128 3527 esset.
1148 3471 1217 3526 Non
1228 3469 1307 3526 valde

173 3543 307 3622 trisyllabi
322 3544 456 3622 syllabam
477 3564 512 3602 ne
533 3546 605 3622 apud
626 3544 715 3602 comi·
765 3563 930 3604 numerosus
958 3559 1001 3605 est
1026 3566 1129 3614 versus,
1156 3551 1241 3604 πάντα
1267 3551 1308 3605 διὰ

172 3643 222 3682 00⁵
236 3623 349 3715 quidem
366 3623 405 3715 111ο
414 3623 534 3681 iambico
552 3635 642 3682 metro
655 3643 717 3682 esse
764 3634 847 3716 τοῦτον
873 3629 968 3717 :roipdll‘
995 3628 1126 3700 ἀνθρώπους
1157 3623 1230 3698 ἔχειν,
1259 3627 1309 3684 sed

173 3703 717 3862 {³30thltltt.l“t.ll1.}2l
765 3703 1309 3861 illiti?litllltlttltllt

175 3862 242 3918 dnm
254 3860 410 3920 monuisset
423 3867 463 3920 διὰ
472 3869 554 3918 τοῦτον
565 3862 638 3931 ὥστε,
646 3878 717 3939 quae
765 3862 868 3919 habere
882 3861 942 3919 sine
955 3861 1113 3940 suspicione
1132 3880 1238 3942 posset.
1272 3869 1308 3925 lu

175 3947 235 4020 ejus
249 3939 409 4014 conjectura
422 3952 512 3999 exstat
524 3941 670 4000 Adversar.
688 3962 716 4020 p.
766 3943 865 4000 eadem
880 3941 1027 4020 tetralogia
1039 3941 1093 4000 fuit
1110 3945 1257 4024 Iphigenia
1278 3947 1308 4004 in

178 4021 245 4093 164.
264 4021 382 4078 Confert
390 4020 554 4098 Euripidem
565 4021 638 4079 Hec.
649 4036 717 4098 540.
766 4019 877 4088 Aulide,
890 4026 968 4100 cujus
978 4041 1003 4079 v.
1017 4041 1102 4096 1142.
1114 4022 1153 4082 ita
1163 4045 1193 4083 se
1206 4026 1306 4084 habet:

176 4097 233 4156 im
245 4103 294 4174 γὰρ
303 4101 379 4158 τέκνα
395 4097 401 4179 Ι
418 4103 460 4158 καὶ
470 4104 538 4172 τῷδε,
549 4102 593 4170 τὴν
603 4101 718 4170 ahaim!
767 4103 828 4162 atel
845 4099 869 4158 bi
883 4102 911 4158 ‘tl
925 4108 1000 4176 σιγᾶν
1012 4106 1176 4178 ὃμολογοῧντος
1189 4103 1244 4161 ἔστι
1257 4130 1310 4163 σου.

177 4183 320 4254 &emebat
340 4181 425 4252 τύχην.
463 4180 719 4256 Phoenss509'.rl1v
812 4180 1149 4260 186.Α]11111’ἒνέῥράφο.
1181 4181 1309 4257 Conjun-

105 4303 113 4314 ,
177 4260 236 4313 θοῦν
257 4259 381 4330 μεγίστην·
403 4258 462 4315 dur?
490 4257 555 4332 ἔχειν
580 4264 720 4334 τυραννίδα.
770 4258 838 4319 nim
865 4259 924 4320 Pal.
950 4261 1036 4319 Laut.
1064 4273 1093 4319 et
1119 4261 1182 4318 edd.
1210 4281 1309 4318 omnes

176 4336 222 4393 Er
240 4333 340 4411 quibus
359 4337 492 4414 exemplis
511 4337 577 4398 satis
599 4351 719 4408 constat,
770 4352 880 4418 praeter
899 4339 1030 4400 Aldinam
1052 4353 1081 4400 et
1104 4339 1311 4419 Hervagianam

820 4438 871 4476 aa
