3194 5102
499 211 802 325 armniaor
836 261 1055 334 unnxnr.

318 441 377 516 itai
395 433 430 516 ri
449 431 614 542 partilis
630 434 790 543 μοινοικῗνν
806 437 939 534 πολλὴν
957 443 1037 540 ἔχει.

313 556 356 637 lr'
375 555 416 639 du
433 558 501 669 yitp
520 570 536 640 i
554 558 623 645 θεὶς
641 569 687 645 εἷς
704 561 739 640 ri
759 561 845 666 σῶμ’
866 561 939 678 &alp
957 563 1078 657 archis,

311 679 419 786 λε’γειν
437 686 472 766 τὶ
490 686 617 792 μίλλον
634 684 709 772 solis
725 689 915 792 μεμηνότας
932 696 1030 771 ποιεῖ.

304 803 429 918 Ἄρεώς
444 845 481 890 τε
497 815 613 921 μοῖραν
629 806 841 917 μπαλαΘοῖνν
860 811 928 908 ἔχει
944 810 1028 892 τινί.

310 931 446 1039 πρατὶν
462 931 531 1041 γῗορ
548 936 577 1014 ἰν
594 932 715 1019 ’ύνιλοις
732 935 809 1014 iura
828 938 918 1016 aar}
936 932 1064 1041 σοίξεσι,

310 1057 421 1159 φύβος
439 1051 620 1150 ύίεοιτίησε,
639 1059 712 1166 πρὶν
730 1056 865 1157 λόγχης
883 1051 992 1157 θιγεῖν.

306 1183 417 1284 μανία
434 1175 470 1262 dl
490 1190 550 1263 acti
568 1185 650 1264 κοῦτ’
671 1183 738 1264 ἔστι
758 1181 911 1263 Διονύσον
930 1181 1038 1292 παρα.

309 1301 350 1381 ἔτ’
370 1305 465 1386 oriris
483 1299 564 1414 ἕψει
586 1311 674 1386 κίοσι)
695 1308 861 1411 Δελφίσιν
879 1303 1017 1414 πέτροοις

196 1573 279 1632 perus
303 1556 449 1616 Observat.
473 1559 529 1617 111.
554 1577 599 1618 ιο.
624 1579 653 1638 p.
670 1579 739 1636 311.
789 1558 834 1617 cui
848 1559 998 1638 legendum
1012 1558 1134 1618 videtur:
1149 1563 1227 1633 μανία
1240 1561 1266 1618 δὲ
1279 1562 1337 1621 τότε

196 1635 272 1710 apud
292 1636 449 1696 Porsouum
467 1639 610 1697 Adversas.
625 1660 653 1718 p.
672 1641 739 1716 265.
787 1640 900 1712 κατέσχε
914 1642 1026 1696 Διονύσου
1046 1644 1122 1715 σάρον.
1158 1639 1243 1698 Hanc
1263 1660 1333 1699 con·

195 1711 264 1771 Huc
283 1715 397 1794 respicit
420 1717 587 1776 Plutarchus
606 1721 642 1780 T.
655 1721 695 1777 Π.
710 1740 739 1798 p.
783 1715 924 1792 jacturam
954 1719 1112 1796 paullulum
1146 1717 1334 1790 immutatam,

193 1793 262 1866 428.
282 1795 315 1852 F.
336 1797 364 1853 ri
385 1801 434 1872 γὰρ
457 1800 625 1872 βακχεύσιμον
645 1802 688 1856 καὶ
711 1800 739 1856 ‘ri
787 1801 867 1870 μανία
880 1799 907 1855 δέ
918 1821 953 1854 νιν
966 1799 1078 1870 κατέσχε
1092 1797 1206 1867 scillcet,
1221 1798 1336 1858 admisit

191 1878 307 1946 μανιῶδες
325 1878 487 1949 μαντεντικὴν
508 1879 639 1950 (μαντικὴν
652 1877 738 1936 corri-
788 1876 954 1934 Bruncldus.
991 1877 1172 1934 Schaeferus:
1198 1882 1279 1950 μανία
1298 1878 1333 1948 δῖ,

192 1949 236 2030 git
253 1953 410 2029 PorsonuS)
427 1957 518 2024 πολλὴν
536 1955 597 2028 ἔχει,
618 1963 675 2012 κατ’
689 1963 738 2014 Ed·
788 1956 830 2010 καί
848 1961 913 2011 τοῖσι)
928 1960 984 2011 ἐστι
1003 1958 1117 2012 Διονύσου
1136 1960 1212 2030 maipa.
1253 1958 1334 2015 Mat-

191 2035 294 2108 ριείοην,
308 2033 368 2090 ὅταν
380 2032 486 2107 ἔνθερμος
502 2037 517 2103 ἡ
536 2037 605 2106 ψυχὴ
625 2036 738 2108 γενομένη
788 2033 863 2090 thiae
875 2043 908 2090 ut
921 2033 1018 2090 Aldus.
1060 2033 1127 2090 Hoc
1144 2033 1212 2091 dicit
1230 2043 1330 2111 poeta:

191 2133 216 2166 κ.
228 2136 254 2168 τ.
266 2118 286 2169 ἑ.
308 2113 389 2170 Idem
402 2114 438 2169 T.
454 2114 492 2170 ll.
507 2133 534 2188 p.
547 2113 614 2186 716.
626 2114 662 2170 Β.
676 2120 734 2172 Τού·
786 2114 829 2168 καὶ
852 2118 923 2168 τούτο
955 2111 1073 2188 (nempe
1105 2114 1134 2169 ‘tl
1163 2115 1332 2174 διαστοεῒσθοιι

190 2193 283 2247 νοοντίον
303 2191 329 2248 δὲ
346 2197 367 2247 οί
385 2191 488 2248 παλαιοί
505 2193 545 2248 τὸν
559 2193 735 2249 θεὸνἜλεοθί·
786 2193 838 2265 πρὶν
861 2195 946 2264 μάχης
965 2195 1052 2266 θιγεῖν)
1075 2195 1154 2264 μανία
1174 2196 1243 2250 ἐστὶν
1264 2198 1333 2270 παρὰ
1406 2251 1408 2256 ,

189 2293 236 2345 ριον
253 2273 296 2327 καί
317 2274 405 2328 Λύσιον
425 2275 533 2338 ἐκάλουν,
554 2273 597 2328 καὶ
618 2276 737 2344 μαντικῆς
785 2274 898 2327 Διονύσου
910 2274 1066 2347 πεμφθεῖσα.
1090 2272 1175 2332 Quod
1188 2272 1330 2332 curl’ler·

189 2349 281 2417 πολλὴν
299 2347 481 2424 {pulpam
501 2357 594 2425 μοῒροον,
610 2357 634 2407 οὐ
648 2355 689 2408 διὰ
707 2353 735 2409 sl
785 2369 856 2407 sono
877 2349 992 2426 aliisque
1005 2349 1186 2428 displicuerit,
1200 2351 1330 2430 equidem

188 2429 734 2506 βακχεύσιμονκαὶμανιόδες,ύσιιερΕύριπί-
784 2448 843 2486 non
860 2429 949 2488 Video.
985 2431 1118 2488 Ceterum
1138 2442 1214 2489 recte
1233 2445 1331 2491 monet

188 2509 229 2577 δης
242 2503 314 2576 εἶπεν,
327 2513 385 2565 ἀλλ’
395 2508 432 2565 ira
446 2511 474 2564 ri
485 2510 635 2584 δουλοπρεπὲς
644 2536 668 2568 κ.
677 2535 702 2567 ο.
712 2513 733 2570 i.
782 2509 943 2577 Barnesius,
965 2509 1017 2567 hos
1041 2522 1160 2568 terrores
1184 2511 1254 2568 Pani
1274 2531 1327 2589 po-

230 2587 300 2645 lhid.
322 2587 499 2666 Hervagiana
517 2587 610 2665 prima
629 2591 672 2646 καὶ
685 2593 733 2666 ’γὰρ
783 2587 839 2645 tius
853 2609 938 2666 quam
952 2587 1067 2647 Baccho
1082 2590 1193 2668 evulgo
1207 2591 1328 2650 tributos

185 2669 363 2740 βακχεύσιμον.
394 2669 486 2730 Quem
507 2667 674 2746 typographi
687 2687 731 2726 er·
782 2685 859 2726 esse.
871 2668 944 2726 Vide
957 2669 992 2726 ad
1005 2669 1085 2725 Med.
1101 2684 1307 2743 1172=1141.

186 2763 278 2804 rorem
312 2746 398 2804 octies
433 2747 583 2824 repetitum
617 2749 731 2806 tandem
824 2747 892 2821 306.
913 2747 1007 2804 Attius
1031 2749 1105 2825 apud
1124 2750 1185 2804 Jos.
1201 2748 1326 2827 Scalige-

185 2824 485 2885 correxit·Barnesius.
520 2829 675 2885 Canama:
699 2830 731 2885 Si
781 2845 843 2882 rum
865 2827 900 2884 ad
922 2827 1076 2884 Varronem
1098 2846 1126 2901 p.
1140 2827 1187 2900 87.
1210 2829 1328 2886 Luctum

185 2907 307 2962 divinare
327 2909 397 2972 licet,
415 2910 510 2965 saalim
529 2908 633 2981 τοιγὰρ,
649 2925 730 2982 quam
780 2907 809 2960 ia
830 2907 955 2962 Parnaso
975 2909 1047 2961 inter
1067 2908 1150 2978 ροὶννιιο
1171 2909 1326 2979 tripudian-

184 2985 228 3040 καί
240 2989 297 3060 γάρ.
318 2985 387 3042 Non
399 3005 469 3063 opus
479 2997 539 3043 erat
550 2984 727 3053 divinatione,
781 2992 834 3040 tem
856 2987 883 3040 ἱιο
905 2986 1013 3040 circulis
1030 2980 1036 3062 Ι
1056 2986 1157 3050 ludere,
1171 2993 1253 3059 atque
1267 2993 1326 3043 tce-

184 3063 234 3119 sed
268 3065 396 3140 exemplo
430 3064 549 3122 Aldinae
584 3063 728 3122 editionis.
779 3064 821 3119 dis
837 3063 961 3138 fitlgere.
1010 3062 1106 3119 Multa
1129 3064 1203 3141 apud
1226 3071 1325 3142 po'e'tas

184 3141 278 3202 Quam
290 3141 313 3198 si
323 3154 483 3220 usurpasset
493 3146 641 3211 Canterus,
653 3144 727 3200 mul·
778 3141 885 3199 mentio
899 3153 943 3200 est
955 3143 1084 3199 flammae
1098 3141 1128 3200 in
1144 3156 1241 3202 monte
1254 3146 1323 3202 Par·

183 3231 215 3276 to
229 3219 330 3278 melius
351 3221 424 3278 hanc
445 3220 616 3300 provinciam
637 3223 727 3280 admi·
777 3240 861 3280 nasso
875 3233 961 3280 noctu
980 3221 1109 3290 lucentis,
1123 3242 1207 3300 quam
1221 3223 1269 3300 qui
1283 3225 1324 3283 vi·

183 3298 338 3358 nistrasset.
778 3300 892 3370 debant,
920 3302 1065 3360 Bacchum
1092 3314 1210 3382 utraque
1237 3323 1325 3364 manu

224 3397 293 3452 302.
315 3377 375 3437 Pal.
390 3379 456 3456 ἄρεος
468 3403 505 3438 τε.
531 3379 586 3438 Sed
600 3400 625 3438 v.
640 3395 725 3458 1354.
776 3379 866 3439 facem
880 3392 1039 3460 gestantem
1053 3401 1117 3440 cum
1132 3382 1217 3440 solito
1230 3382 1323 3442 famu·

182 3471 257 3517 recte
270 3459 344 3533 ἄρεος
355 3470 389 3516 ut
402 3459 494 3538 vulgo.
514 3459 583 3518 Non
598 3459 651 3518 nisi
666 3481 727 3520 me·
776 3460 866 3517 larum
885 3461 1022 3519 comitatu
1043 3461 1143 3519 saltare
1161 3463 1323 3523 credebant.

180 3537 218 3596 tri
238 3557 336 3598 caussa
356 3537 459 3596 dicitnr
474 3537 564 3615 Ἀριος,
584 3551 618 3599 ut
635 3543 726 3611 πόλεος,
777 3538 864 3614 Cujus
876 3539 950 3619 ignis
965 3559 1036 3616 quae
1049 3539 1133 3598 fixerit
1150 3553 1258 3608 natura,
1273 3561 1323 3600 eo·

180 3621 302 3694 ύβρεοςεο
315 3616 425 3676 similia.
776 3639 838 3676 rum
850 3631 893 3678 est
906 3618 1081 3694 investigare,
1094 3617 1142 3694 qni
1157 3617 1186 3675 in
1200 3619 1322 3696 physicis

221 3715 289 3772 304.
310 3699 400 3756 Aldus
414 3702 497 3773 θίρεον.
517 3698 669 3757 Bamesius
680 3698 725 3757 di·
775 3709 928 3757 versantur.
962 3697 1048 3758 Quod
1067 3695 1243 3774 grammatici
1258 3701 1320 3758 offi-

180 3789 253 3835 serte
267 3781 351 3853 θιγεῖν,
367 3796 452 3855 quam
470 3777 636 3856 scripturam
650 3777 725 3855 apud
775 3776 851 3835 cium
869 3790 921 3845 est,
936 3774 1106 3854 tragicorum
1130 3776 1266 3836 nonnulla
1286 3779 1322 3839 de

180 3857 350 3934 Sophoclem
361 3859 419 3916 fere
432 3876 543 3934 semper
553 3855 665 3915 exhibet
674 3857 725 3915 Al·
775 3875 809 3913 eo
833 3854 996 3914 testimonia
1015 3873 1165 3932 apponam.
1208 3858 1321 3937 Sopho·

178 3936 240 3994 dus.
273 3936 402 3996 Barnesii
415 3935 640 3996 emendationem
655 3955 724 4015 neg-
774 3935 832 3993 cles
850 3937 917 3993 Ant.
942 3934 1027 3992 1126.
1050 3935 1083 3992 Σὲ
1105 3938 1125 3993 δ’
1145 3935 1201 4013 ὑπὲρ
1223 3940 1321 4017 διλόφου

177 4014 305 4074 leserunt
320 4016 507 4094 Musgravius‚
521 4014 681 4075 Brunckius
695 4026 725 4074 et
772 4016 862 4090 πέτροις
879 4013 887 4094 Ι
903 4015 995 4090 στέροψ
1019 4009 1098 4072 haue
1129 4021 1219 4090 λιγνὺς,
1240 4016 1321 4093 &aloa

176 4095 326 4156 Matthiae.
353 4097 437 4154 Plura
450 4097 512 4155 vide
526 4095 562 4154 ad
575 4095 620 4171 Aj.
636 4113 721 4170 1410.
773 4099 893 4168 Κωρύκιαι
906 4098 1000 4168 νύμφαι
1018 4090 1023 4173 Ι
1041 4097 1166 4167 στείχουσι
1185 4101 1318 4168 Βακχύδες.

176 4175 224 4232 ubi
239 4176 312 4234 male
325 4177 409 4256 vulgo
422 4180 501 4251 θύριον.
772 4173 921 4251 Euripides
935 4174 1043 4232 Phoen.
1055 4191 1121 4250 233.
1133 4175 1174 4230 ’hl
1184 4181 1320 4247 λάρσουσα

217 4269 288 4329 305.
300 4255 387 4314 Hunc
398 4273 506 4314 versum
518 4255 645 4334 spurium
654 4275 720 4313 ceu·
771 4253 850 4329 οέιροο
872 4255 939 4330 rupi<
956 4250 963 4334 l
980 4253 1102 4330 δικόρυφον
1122 4253 1199 4318 σέλας
1221 4254 1277 4329 ὑπὲρ
1294 4251 1301 4336 Ι

174 4344 220 4390 set
251 4333 401 4393 Piersonus
434 4335 565 4394 Verisim.
596 4357 625 4414 p.
654 4349 720 4409 127.
771 4331 849 4408 ἄκρον
869 4335 992 4406 βακχείων
1012 4337 1132 4391 Διονύσου.
1169 4333 1232 4390 Ιοιο.
1249 4347 1317 4407 711.

174 4413 244 4470 Nou
266 4413 321 4474 nisi
344 4427 508 4494 comrptum
532 4415 719 4494 Musgravias,
769 4411 813 4484 ἤδη
826 4412 904 4481 πέλοις
921 4417 1016 4474 aloa
1033 4408 1120 4490 ννριΐΙ
1136 4419 1194 4479 τοῖς
1210 4413 1317 4474 καίτοι·

817 4511 869 4568 1³3
