3194 5102
276 277 328 344 38
429 327 437 340 .
563 265 868 338 ΕΥΡΙΠΙΔΟΥ
902 263 1121 340 BAKXAI.

282 485 285 490 '
385 463 431 541 εἰς
448 453 527 562 ipat,
548 460 593 537 εἷς
612 451 678 556 ipat
696 444 834 556 idcpa'va't
852 442 885 526 d'
907 445 974 555 σ’ἱροι

385 583 525 691 (mim
543 580 635 667 ‘dact
653 579 734 686 ἅμα
751 575 869 685 μοιτέρι
887 572 1059 686 φορβάάι)

387 709 491 788 κῶλον
509 705 588 809 dyc
606 705 778 804 ταχύπουν
796 703 999 813 σκιρννὶριοισι
1020 699 1161 800 Βοίκχσι.
1189 729 1193 736 ’

276 850 362 913 TEI.
387 834 447 917 Τίς
466 834 495 912 ἓν
513 829 660 912 πύλαισι
682 825 819 936 Κοίάροον
839 830 985 908 ἐκκαλεῖ
1000 821 1119 933 dictat,

349 1012 352 1016 -
386 955 553 1063 Ἀγήνορος
572 949 690 1044 ataid',
708 955 745 1038 ic
763 954 863 1034 πᾶλιν
881 947 1038 1042 Σιδωνίαν

389 1079 509 1172 acardi,
531 1079 691 1190 iatipycca'
712 1078 798 1159 σ’ίστυ
817 1081 976 1173 Θηβαίων
995 1070 1087 1186 fidu
1118 1143 1120 1148 .

382 1208 447 1285 ’ἴσον
463 1241 526 1297 τις,
548 1203 770 1308 εἰσάγγελλε,
788 1206 956 1311 Τειρεσίας
975 1200 1021 1281 ’ὅτι

281 1479 375 1558 Vulgo
399 1478 475 1537 enim
499 1482 615 1556 φοιτάσιν
638 1483 671 1544 εἷς
693 1475 741 1554 ’ὅρος
767 1475 827 1534 sine
875 1478 1014 1535 Bacchus.
1046 1475 1102 1534 Sed
1116 1474 1145 1532 in
1159 1475 1270 1553 vulgata
1285 1473 1424 1552 scriptura

282 1558 471 1626 distinctione,
483 1559 559 1634 quod
572 1560 696 1616 euntibus
708 1561 737 1616 οἰι
749 1577 826 1614 moa·
877 1556 947 1615 nihil
959 1558 1043 1615 habet
1052 1555 1111 1631 άνρει
1121 1575 1137 1614 a
1147 1575 1203 1632 quo
1218 1555 1348 1632 pendeat.
1370 1556 1422 1612 Se-

283 1648 337 1696 tem
360 1639 453 1697 reddit
475 1640 586 1697 Portus.
634 1639 690 1696 Sed
711 1641 828 1715 φοιτάσιν
877 1656 949 1714 quor
968 1635 1054 1716 igitur
1068 1635 1253 1702 Brunckiunt‚
1269 1634 1317 1712 qui
1337 1635 1421 1692 Mus-

282 1720 346 1797 plus
357 1718 496 1798 significat
505 1739 589 1796 quam
602 1721 734 1785 euntibus,
746 1737 828 1775 nem·
876 1717 963 1794 gravii
977 1716 1168 1790 conjecturam
1187 1717 1280 1788 Βάιφρα
1300 1713 1423 1772 admisit.

283 1819 319 1876 pe
332 1804 469 1856 Μαινάσιν.
503 1799 655 1876 Aeschylus
670 1800 722 1876 Ag.
741 1798 827 1854 1282.
878 1797 1212 1875 Reiskio'plaoetlldaxoq.
1234 1795 1335 1852 Addit:
1352 1797 1423 1852 redit

225 1945 227 1948 ¹
282 1879 417 1952 καλουμένη
437 1879 463 1936 δὲ
485 1883 582 1956 φοιτὰς,
607 1885 637 1944 ὡς
659 1875 812 1955 cymmi
879 1881 949 1935 enim
963 1880 1000 1934 cd
1013 1875 1074 1950 ἔχει.
1116 1875 1201 1937 Quod
1220 1874 1263 1932 vix
1284 1874 1422 1953 intelligo.

279 1960 385 2032 πτωχὸς,
399 1965 519 2026 τάλαινα,
534 1961 645 2032 liquidam
657 1957 802 2031 ἦνεσχὸμην.
877 1957 982 2015 Melior
1000 1969 1043 2015 est
1062 1953 1192 2034 Burgesii
1213 1953 1350 2034 scriptura
1368 1953 1424 2030 ἄρα

327 2039 392 2114 165.
413 2040 439 2096 Α
453 2059 510 2116 quo
524 2039 607 2096 verbo
622 2039 666 2096 vel
683 2034 829 2115 participio
878 2040 1031 2114 σκιρτήμασι
1044 2043 1152 2108 Βάκχον.

282 2119 425 2196 pendeant
436 2121 518 2176 verba
531 2124 564 2184 εἰς
576 2115 632 2195 ὅρος,
644 2125 677 2184 εἰς
688 2115 745 2192 ἔρος,
758 2135 830 2194 quae
924 2133 989 2192 170.
1011 2118 1098 2176 Hunc
1111 2135 1220 2174 versum
1235 2135 1300 2173 cum
1314 2115 1425 2173 duobus

282 2199 366 2276 vulgo
393 2198 508 2274 plenam
535 2197 745 2255 distinctionem
777 2195 830 2255 sibi
879 2197 1059 2274 sequentibus
1072 2195 1196 2254 Tiresiae
1208 2195 1314 2254 famulo
1327 2192 1425 2254 tribuit

283 2277 438 2350 subjectam
457 2278 571 2344 habent,
588 2295 646 2333 non
664 2277 734 2333 adeo
748 2275 830 2333 facile
878 2278 966 2334 Laur.
977 2277 1025 2355 qui
1040 2277 1076 2333 ad
1089 2295 1115 2333 v.
1131 2293 1195 2350 170.
1210 2294 1359 2352 personam
1372 2275 1424 2332 ha·

282 2375 345 2414 esse
355 2355 432 2414 dictu
446 2366 521 2413 recte
531 2367 629 2414 monet
639 2354 827 2432 Mmgrauius,
879 2359 929 2414 bet
941 2361 1067 2432 Θεράπων,
1082 2357 1118 2414 ad
1134 2377 1158 2412 ν.
1174 2375 1238 2414 veto
1255 2372 1288 2430 17
1292 2373 1320 2429 3.
1341 2363 1424 2430 Τειρε-

281 2435 329 2493 cui
343 2434 477 2512 quidquid
497 2429 664 2495 interdiu
686 2438 788 2506 Βάκχαι
803 2453 828 2492 ν.
879 2439 945 2502 σίας.
979 2437 1060 2494 Idem
1080 2436 1115 2493 de
1135 2437 1222 2493 MSS.
1244 2437 1307 2492 Par.
1328 2447 1428 2494 monet

280 2528 353 2590 ⁴153·
368 2511 503 2589 ε1ε1ςάρος
520 2512 700 2586 interjectum
716 2512 828 2590 legitur,
879 2515 1046 2574 Brunclrius.
1082 2517 1117 2572 ln
1137 2514 1229 2573 indice
1241 2535 1426 2592 personarum

280 2599 325 2652 διὰ
342 2595 418 2667 μέσον
437 2593 561 2672 positum
576 2591 691 2652 videtur.
720 2592 830 2651 Mutavi
879 2594 981 2673 legitur
1004 2599 1129 2670 Θεράπων.
1177 2595 1231 2653 Sed
1260 2595 1284 2654 is
1306 2593 1426 2655 Penthei

283 2673 506 2741 distinctionem,
521 2685 554 2731 ut
567 2675 636 2732 ordo
649 2673 703 2731 sit:
728 2673 831 2746 ἡδομένα
879 2694 973 2732 servus
998 2687 1051 2742 est,
1076 2673 1125 2751 qui
1149 2696 1208 2732 non
1232 2674 1287 2733 nisi
1311 2687 1376 2754 pust
1399 2695 1425 2733 ν.

283 2753 370 2832 δ’άρα
383 2758 484 2827 Βάκχαι,
498 2761 573 2812 κῶλον
592 2758 714 2827 τοιχάιονν
734 2758 767 2819 εἷς
785 2749 832 2828 ’ὅρος
879 2771 948 2829 433.
963 2754 992 2811 in
1006 2773 1118 2812 scenam
1134 2753 1284 2812 inducitur.
1330 2816 1334 2824 ,

283 2834 341 2910 dyc
359 2837 521 2912 σκιρτήμασι.
561 2836 606 2892 Ab
627 2834 728 2892 eodem
747 2834 831 2891 verbo
922 2837 991 2893 Ibid.
1028 2833 1180 2910 Vulgatam
1214 2835 1298 2911 hujus
1332 2853 1427 2892 remus

282 2915 341 2990 cipes
355 2915 481 2993 pendent
493 2914 608 2973 eaedem
622 2933 704 2972 voces
723 2919 756 2979 etr
773 2911 829 2988 ὅρος,
880 2913 1047 2993 scripturam
1061 2933 1119 2971 non
1134 2913 1273 2991 improbo.
1308 2916 1353 2971 Ita
1371 2934 1426 2972 no-

239 3043 241 3050 .
283 2993 376 3071 εἶς’ὅρος
387 3015 412 3052 ν.
430 2995 494 3054 116.
515 2995 624 3054 Eadem
638 2992 831 3071 interpretatio
881 3007 937 3054 ster
951 2994 1018 3052 Hel.
1036 2993 1103 3070 898.
1117 2997 1154 3061 τίς
1173 2990 1220 3050 εἶσ·
1236 2998 1340 3070 ἀδελφῷ
1359 2995 1428 3052 τάνδε

284 3075 398 3132 tandem
416 3075 579 3153 Musgravio
598 3075 628 3132 in
643 3087 767 3132 mentem
783 3093 829 3131 ve·
880 3081 994 3149 σημανῶν
1008 3082 1060 3148 ἐμῷ
1076 3069 1082 3154 Ι
1099 3075 1205 3151 παρόνθ’,
1218 3073 1277 3142 ὅσος
1294 3071 1326 3131 oia
1341 3075 1428 3148 τούμὸν

283 3152 359 3210 nisse
384 3153 502 3212 videtur.
550 3153 668 3230 Scripsit
696 3153 773 3212 enim
800 3153 829 3211 iu
880 3162 1004 3232 ἀσφαλῶς
1021 3161 1077 3230 ι’χῃ.
1111 3155 1166 3212 Sed
1185 3173 1243 3212 non
1263 3155 1336 3212 male
1348 3154 1425 3233 lege·

285 3229 412 3309 margine
432 3232 553 3308 exempli
574 3233 634 3289 sui:
667 3237 714 3289 Aa
735 3235 831 3290 horum
880 3248 965 3302 retur,
980 3255 1017 3293 ne
1030 3234 1214 3312 unaquidem
1233 3234 1315 3294 litera
1332 3245 1425 3292 muta-

284 3331 409 3369 uercaam
422 3315 721 3369 sedesiatermatcada.
749 3311 831 3369 Scili-
881 3327 927 3372 ta:
952 3318 994 3381 Τίς
1015 3321 1040 3372 ἐν
1059 3318 1179 3384 τόλμαις
1207 3319 1305 3390 Κάδμον
1326 3318 1427 3376 ἐκκάλει

283 3403 331 3450 cet
342 3403 372 3449 ut
382 3393 508 3470 legatur:
525 3391 628 3463 ἡδομένα
641 3390 720 3466 tripu
733 3388 829 3466 εἶς’ὅρος,
881 3395 963 3466 δόμον.
997 3395 1039 3452 Ut
1052 3392 1098 3452 hic
1112 3399 1154 3462 Τίς
1167 3402 1192 3453 ἐν
1204 3403 1318 3464 πύλαισι,
1332 3393 1372 3452 ita
1385 3396 1426 3460 Τίς

284 3469 379 3547 εἴς’όρος.
396 3472 451 3528 Sed
459 3471 554 3528 obstat
562 3469 700 3528 vocalium
709 3489 829 3528 concur·
880 3475 934 3548 πρὸς
946 3473 1162 3533 τάλαισιάίοἰῑιιτ
1172 3476 1239 3534 Hel.
1251 3493 1321 3550 444.
1339 3473 1425 3533 Paul-

284 3572 342 3610 sus.
362 3553 464 3629 Neque
476 3571 538 3609 raro
548 3549 713 3628 particulam
728 3550 753 3606 δὲ
767 3562 832 3631 post
880 3552 909 3609 lo
921 3552 1030 3629 plenius
1042 3566 1137 3612 noster
1147 3556 1254 3614 Phoen.
1270 3572 1354 3630 1074.
1367 3556 1425 3624 Ὢὴ,

281 3633 379 3709 plures
390 3652 470 3691 voces
481 3632 623 3690 collocant
636 3627 743 3707 tragici,
755 3629 832 3706 quod
881 3635 919 3699 τίς
938 3637 963 3689 ἐν
983 3638 1087 3690 πύλαισι
1108 3638 1223 3708 δωμάτων
1243 3644 1320 3711 κυρεῖς
1339 3632 1344 3716 Ι
1361 3639 1427 3694 dacol-
1480 3681 1483 3686 .

283 3712 449 3792 Musgravio
463 3710 638 3790 displicuisse
652 3709 770 3767 videtur.
880 3717 944 3787 7⁶1²,
960 3717 1091 3788 ἐκπορεύετ’
1104 3718 1235 3784 Ἰοκάστην
1248 3715 1331 3788 δάμιον.

319 3795 395 3850 ¹ldid.
409 3795 503 3850 Verba
513 3793 616 3866 ἡδομένα
629 3796 648 3849 δ’
660 3790 832 3866 ἅραε11111111
925 3809 990 3867 173.
1012 3793 1072 3851 Pal.
1083 3792 1127 3849 ἴτω
1140 3797 1177 3858 τίς
1190 3813 1216 3850 u.
1229 3810 1294 3869 173.
1309 3799 1377 3867 λάβῃ
1389 3797 1427 3862 τίς

284 3883 440 3946 sequuntur
467 3871 514 3928 alii
542 3873 622 3930 aliter
644 3869 830 3950 distinguunt.
880 3891 906 3930 v.
920 3874 986 3948 265.
1000 3875 1060 3931 δάκει
1076 3876 1104 3928 τί
1120 3892 1144 3928 v.
1159 3891 1228 3946 312.
1249 3877 1370 3947 στειχέτω
1388 3879 1427 3942 τίς

279 3949 372 4008 ‚Aldus
399 3962 465 4026 post
486 3958 563 4016 σάλος
585 3951 743 4026 iterumque
766 3962 832 4028 post
879 3973 904 4009 v.
921 3954 989 4028 346.
1004 3951 1065 4017 δόξει
1078 3954 1115 4016 τίς
1128 3971 1153 4008 ν.
1165 3953 1235 4025 480.
1249 3952 1335 4030 ἐξεύροι
1348 3958 1386 4021 τίς
1398 3975 1425 4014 v.

278 4034 405 4102 ,ταχύπουν
425 4028 609 4120 interpungit.
651 4029 770 4107 Optima
788 4029 829 4087 vi·
879 4034 949 4106 488.
963 4035 1006 4089 καὶ
1019 4036 1057 4097 τίς
1069 4050 1093 4088 1.
1104 4030 1172 4088 822.
1186 4043 1216 4090 et
1229 4033 1347 4092 fortasse
1360 4034 1425 4110 plu,-

277 4107 533 4186 =deturMmgravir
551 4109 630 4178 ratio,
646 4131 702 4188 quo
717 4122 830 4171 auctore
879 4131 919 4168 ra.
950 4109 1059 4168 Similia
1079 4110 1217 4171 nonnulla
1237 4111 1267 4170 in
1280 4113 1368 4170 Laut.
1382 4114 1424 4172 le·
1483 4147 1487 4154 ·

283 4192 366 4248 verba
378 4196 454 4254 σάλος
473 4188 532 4254 ὅπως
544 4188 601 4261 ἅμα
619 4191 707 4266 ματέρι
725 4193 829 4266 φορβάδι
878 4202 992 4269 guntur.
1024 4192 1082 4249 Aut
1100 4190 1230 4250 meliores
1248 4191 1360 4252 codices
1379 4213 1424 4252 se·
1463 4249 1465 4254 .

282 4267 441 4348 parenthesi
457 4267 566 4328 inclusa
578 4288 653 4327 nunc
666 4269 806 4347 leguntur.
878 4281 982 4349 quutus
1003 4283 1046 4329 est
1064 4271 1162 4339 Aldus,
1178 4283 1227 4334 aut
1247 4292 1299 4332 suo
1317 4272 1426 4352 judicio

326 4348 617 4426 169.·Α1ἀ111βάκχον.
639 4349 745 4406 Bacchi
758 4375 827 4424 σκιρ-
878 4371 945 4410 usus
959 4363 1010 4410 ost.
1043 4350 1116 4410 Vide
1130 4363 1226 4410 tamen
1240 4365 1375 4414 annotata
1389 4353 1424 4412 ad

282 4432 631 4506 alparasunt,quorum
660 4439 828 4488 auctorest
878 4451 919 4490 vv.
934 4432 1084 4508 473.612.
1100 4433 1168 4507 832.
1186 4434 1270 4506 1928.
1323 4495 1330 4509 ,
