<?xml version="1.0" encoding="UTF-8"?>
<!DOCTYPE html PUBLIC "-//W3C//DTD XHTML 1.0 Transitional//EN"
    "http://www.w3.org/TR/xhtml1/DTD/xhtml1-transitional.dtd">
<html xmlns="http://www.w3.org/1999/xhtml" xml:lang="en" lang="en">
 <head>
  <title>
</title>
<meta http-equiv="Content-Type" content="text/html;charset=utf-8" />
  <meta name='ocr-system' content='tesseract 3.04.00' />
  <meta name='ocr-capabilities' content='ocr_page ocr_carea ocr_par ocr_line ocrx_word'/>
</head>
<body>
  <div class='ocr_page' id='page_1' title='image "./euripidisbaccha00eurigoog_0115.png"; bbox 0 0 3220 5102; ppageno 0'>
   <div class='ocr_carea' id='block_1_1' title="bbox 304 221 1157 328">
    <p class='ocr_par' dir='ltr' id='par_1_1' title="bbox 304 221 1157 328">
     <span class='ocr_line' id='line_1_1' title="bbox 304 221 1157 328; baseline -0.002 -12"><span class='ocrx_word' id='word_1_1' title='bbox 304 221 389 316; x_wconf 80' lang='lat'>&#39;106</span> <span class='ocrx_word' id='word_1_2' title='bbox 597 247 901 328; x_wconf 74' lang='lat' dir='ltr'><strong><em>nnnlnlnon</em></strong></span> <span class='ocrx_word' id='word_1_3' title='bbox 936 248 1157 315; x_wconf 80' lang='lat' dir='ltr'><strong><em>nnnxnl.</em></strong></span> 
     </span>
    </p>
   </div>
   <div class='ocr_carea' id='block_1_2' title="bbox 362 422 1454 1142">
    <p class='ocr_par' dir='ltr' id='par_1_2' title="bbox 362 422 1454 1142">
     <span class='ocr_line' id='line_1_2' title="bbox 362 422 1139 538; baseline -0.003 -29"><span class='ocrx_word' id='word_1_4' title='bbox 362 434 371 450; x_wconf 82' lang='lat'>&#39;</span> <span class='ocrx_word' id='word_1_5' title='bbox 416 429 555 537; x_wconf 72' lang='grc' dir='ltr'><strong><em>χριρσῧσι</em></strong></span> <span class='ocrx_word' id='word_1_6' title='bbox 576 422 609 508; x_wconf 83' lang='lat' dir='ltr'><strong><em>d&#39;</em></strong></span> <span class='ocrx_word' id='word_1_7' title='bbox 629 427 706 507; x_wconf 73' lang='grc' dir='ltr'><strong><em>ὅστ’</em></strong></span> <span class='ocrx_word' id='word_1_8' title='bbox 726 426 837 533; x_wconf 71' lang='grc' dir='ltr'><strong><em>ὄρνιθες</em></strong></span> <span class='ocrx_word' id='word_1_9' title='bbox 854 426 1001 536; x_wconf 72' lang='grc' dir='ltr'><strong><em>ιὶρθεῖσινι</em></strong></span> <span class='ocrx_word' id='word_1_10' title='bbox 1019 423 1139 538; x_wconf 72' lang='grc' dir='ltr'><strong><em>θρὸμερ,</em></strong></span> 
     </span>
     <span class='ocr_line' id='line_1_3' title="bbox 416 548 1188 660; baseline 0.005 -28"><span class='ocrx_word' id='word_1_11' title='bbox 416 548 537 634; x_wconf 72' lang='lat' dir='ltr'><strong><em>milon</em></strong></span> <span class='ocrx_word' id='word_1_12' title='bbox 554 550 746 642; x_wconf 68' lang='grc' dir='ltr'><strong><em>ὑποτάσεις,</em></strong></span> <span class='ocrx_word' id='word_1_13' title='bbox 766 552 805 631; x_wconf 82' lang='lat' dir='ltr'><strong><em>oti</em></strong></span> <span class='ocrx_word' id='word_1_14' title='bbox 822 556 903 660; x_wconf 75' lang='grc' dir='ltr'><strong><em>παρ’</em></strong></span> <span class='ocrx_word' id='word_1_15' title='bbox 921 554 1078 632; x_wconf 72' lang='lat' dir='ltr'><strong><em>’Aconti</em></strong></span> <span class='ocrx_word' id='word_1_16' title='bbox 1095 554 1188 659; x_wconf 62' lang='lat' dir='ltr'><strong><em>ionis</em></strong></span> 
     </span>
     <span class='ocr_line' id='line_1_4' title="bbox 416 671 1152 784; baseline -0.004 -27"><span class='ocrx_word' id='word_1_17' title='bbox 416 676 579 784; x_wconf 68' lang='grc' dir='ltr'><strong><em>εὔκαρπον</em></strong></span> <span class='ocrx_word' id='word_1_18' title='bbox 596 673 813 770; x_wconf 66' lang='grc' dir='ltr'><strong><em>ἐκβάλλουσι</em></strong></span> <span class='ocrx_word' id='word_1_19' title='bbox 831 675 992 768; x_wconf 68' lang='grc' dir='ltr'><strong><em>Θηβαίων</em></strong></span> <span class='ocrx_word' id='word_1_20' title='bbox 1010 671 1152 770; x_wconf 77' lang='grc' dir='ltr'><strong><em>σσιίχνν·</em></strong></span> 
     </span>
     <span class='ocr_line' id='line_1_5' title="bbox 415 793 1454 907; baseline -0.008 -25"><span class='ocrx_word' id='word_1_21' title='bbox 415 802 534 887; x_wconf 66' lang='lat' dir='ltr'><strong><em>‘Totins</em></strong></span> <span class='ocrx_word' id='word_1_22' title='bbox 550 805 578 881; x_wconf 87' lang='grc' dir='ltr'><strong><em>τ’</em></strong></span> <span class='ocrx_word' id='word_1_23' title='bbox 596 797 748 907; x_wconf 81' lang='grc' dir='ltr'><strong><em>Ἐρνθρσίς</em></strong></span> <span class='ocrx_word' id='word_1_24' title='bbox 763 797 802 890; x_wconf 88' lang='grc' dir='ltr'><strong><em>θ’,</em></strong></span> <span class='ocrx_word' id='word_1_25' title='bbox 822 798 861 879; x_wconf 78' lang='lat' dir='ltr'><strong><em>ni</em></strong></span> <span class='ocrx_word' id='word_1_26' title='bbox 879 795 1070 905; x_wconf 69' lang='grc' dir='ltr'><strong><em>Κιθσιιριῖννς</em></strong></span> <span class='ocrx_word' id='word_1_27' title='bbox 1088 793 1205 881; x_wconf 50' lang='lat' dir='ltr'><strong><em>nnn</em></strong></span> <span class='ocrx_word' id='word_1_28' title='bbox 1387 823 1454 886; x_wconf 83' lang='lat'><strong><em>750</em></strong></span> 
     </span>
     <span class='ocr_line' id='line_1_6' title="bbox 417 919 1067 1035; baseline -0.012 -26"><span class='ocrx_word' id='word_1_29' title='bbox 417 924 507 1035; x_wconf 78' lang='grc' dir='ltr'><strong><em>νέρθεν</em></strong></span> <span class='ocrx_word' id='word_1_30' title='bbox 526 925 777 1034; x_wconf 66' lang='lat' dir='ltr'><strong><em>mentium,</em></strong></span> <span class='ocrx_word' id='word_1_31' title='bbox 795 920 880 1003; x_wconf 73' lang='grc' dir='ltr'><strong><em>ὅστε</em></strong></span> <span class='ocrx_word' id='word_1_32' title='bbox 897 919 1067 1028; x_wconf 83' lang='grc' dir='ltr'><strong><em>πιλέριιιι,</em></strong></span> 
     </span>
     <span class='ocr_line' id='line_1_7' title="bbox 416 1045 1145 1142; baseline -0.012 -6"><span class='ocrx_word' id='word_1_33' title='bbox 416 1055 692 1142; x_wconf 77' lang='grc' dir='ltr'><strong><em>ἒπεισπεσιῧσινι,</em></strong></span> <span class='ocrx_word' id='word_1_34' title='bbox 711 1047 809 1132; x_wconf 68' lang='grc' dir='ltr'><strong><em>πάντ’</em></strong></span> <span class='ocrx_word' id='word_1_35' title='bbox 829 1048 896 1130; x_wconf 77' lang='lat' dir='ltr'><strong><em>nino</em></strong></span> <span class='ocrx_word' id='word_1_36' title='bbox 913 1084 948 1129; x_wconf 85' lang='grc' dir='ltr'><strong><em>τε</em></strong></span> <span class='ocrx_word' id='word_1_37' title='bbox 969 1055 1028 1129; x_wconf 79' lang='lat' dir='ltr'><strong><em>nni</em></strong></span> <span class='ocrx_word' id='word_1_38' title='bbox 1050 1045 1145 1128; x_wconf 75' lang='grc' dir='ltr'><strong><em>κνίσεν</em></strong></span> 
     </span>
    </p>
   </div>
   <div class='ocr_carea' id='block_1_3' title="bbox 417 1168 1128 1287">
    <p class='ocr_par' dir='ltr' id='par_1_3' title="bbox 417 1168 1128 1287">
     <span class='ocr_line' id='line_1_8' title="bbox 417 1168 1128 1287; baseline -0.007 -28"><span class='ocrx_word' id='word_1_39' title='bbox 417 1175 566 1287; x_wconf 76' lang='grc' dir='ltr'><strong><em>θιέφεριν.</em></strong></span> <span class='ocrx_word' id='word_1_40' title='bbox 596 1176 739 1283; x_wconf 64' lang='grc' dir='ltr'><strong><em>ἥρπαζεν</em></strong></span> <span class='ocrx_word' id='word_1_41' title='bbox 755 1172 817 1282; x_wconf 71' lang='lat' dir='ltr'><strong><em>nin</em></strong></span> <span class='ocrx_word' id='word_1_42' title='bbox 834 1176 874 1255; x_wconf 77' lang='grc' dir='ltr'><strong><em>ἐκ</em></strong></span> <span class='ocrx_word' id='word_1_43' title='bbox 893 1168 999 1280; x_wconf 67' lang='lat' dir='ltr'><strong><em>dinen</em></strong></span> <span class='ocrx_word' id='word_1_44' title='bbox 1017 1171 1128 1264; x_wconf 82' lang='grc' dir='ltr'><strong><em>τείιιιι,</em></strong></span> 
     </span>
    </p>
   </div>
   <div class='ocr_carea' id='block_1_4' title="bbox 417 1294 1206 1407">
    <p class='ocr_par' dir='ltr' id='par_1_4' title="bbox 417 1294 1206 1407">
     <span class='ocr_line' id='line_1_9' title="bbox 417 1294 1206 1407; baseline -0.01 -21"><span class='ocrx_word' id='word_1_45' title='bbox 417 1306 531 1387; x_wconf 75' lang='lat' dir='ltr'><strong><em>inient</em></strong></span> <span class='ocrx_word' id='word_1_46' title='bbox 549 1297 583 1383; x_wconf 74' lang='lat' dir='ltr'><strong><em>d</em></strong></span> <span class='ocrx_word' id='word_1_47' title='bbox 603 1303 656 1383; x_wconf 80' lang='grc' dir='ltr'><strong><em>ἐπ’</em></strong></span> <span class='ocrx_word' id='word_1_48' title='bbox 676 1300 779 1407; x_wconf 72' lang='grc' dir='ltr'><strong><em>ὅρκοις</em></strong></span> <span class='ocrx_word' id='word_1_49' title='bbox 797 1299 920 1392; x_wconf 75' lang='grc' dir='ltr'><strong><em>θθεσσιν,</em></strong></span> <span class='ocrx_word' id='word_1_50' title='bbox 941 1306 975 1380; x_wconf 84' lang='grc' dir='ltr'>σύ</span> <span class='ocrx_word' id='word_1_51' title='bbox 994 1294 1122 1406; x_wconf 64' lang='lat' dir='ltr'><strong><em>despair</em></strong></span> <span class='ocrx_word' id='word_1_52' title='bbox 1140 1298 1206 1380; x_wconf 76' lang='grc' dir='ltr'><strong><em>ὕπο</em></strong></span> 
     </span>
    </p>
   </div>
   <div class='ocr_carea' id='block_1_5' title="bbox 305 1521 1454 2801">
    <p class='ocr_par' dir='ltr' id='par_1_5' title="bbox 307 1521 1451 2156">
     <span class='ocr_line' id='line_1_10' title="bbox 350 1521 1451 1603; baseline -0.01 -17"><span class='ocrx_word' id='word_1_53' title='bbox 350 1527 416 1603; x_wconf 83' lang='lat'><strong><em>748.</em></strong></span> <span class='ocrx_word' id='word_1_54' title='bbox 428 1525 655 1585; x_wconf 74' lang='lat' dir='ltr'><strong><em>Aldusneiionini</em></strong></span> <span class='ocrx_word' id='word_1_55' title='bbox 663 1526 758 1589; x_wconf 72' lang='grc' dir='ltr'><strong><em>τάσεις.</em></strong></span> <span class='ocrx_word' id='word_1_56' title='bbox 768 1521 853 1580; x_wconf 90' lang='lat' dir='ltr'><strong><em>Reis·</em></strong></span> <span class='ocrx_word' id='word_1_57' title='bbox 903 1521 928 1581; x_wconf 74' lang='lat' dir='ltr'><strong><em>ii</em></strong></span> <span class='ocrx_word' id='word_1_58' title='bbox 946 1524 989 1591; x_wconf 78' lang='grc' dir='ltr'><strong><em>τῆς</em></strong></span> <span class='ocrx_word' id='word_1_59' title='bbox 1001 1523 1158 1587; x_wconf 71' lang='grc' dir='ltr'><strong><em>Πδαταιίθις</em></strong></span> <span class='ocrx_word' id='word_1_60' title='bbox 1171 1526 1196 1576; x_wconf 71' lang='grc' dir='ltr'><strong><em>ἐν</em></strong></span> <span class='ocrx_word' id='word_1_61' title='bbox 1208 1526 1244 1592; x_wconf 68' lang='grc' dir='ltr'><strong><em>τᾷ</em></strong></span> <span class='ocrx_word' id='word_1_62' title='bbox 1258 1521 1384 1594; x_wconf 69' lang='grc' dir='ltr'><strong><em>Κιθαιρῶνι</em></strong></span> <span class='ocrx_word' id='word_1_63' title='bbox 1396 1521 1451 1576; x_wconf 69' lang='lat' dir='ltr'><strong><em>i&#39;n‘-</em></strong></span> 
     </span>
     <span class='ocr_line' id='line_1_11' title="bbox 307 1597 1451 1676; baseline -0.009 -10"><span class='ocrx_word' id='word_1_64' title='bbox 307 1607 371 1666; x_wconf 76' lang='lat' dir='ltr'><strong><em>kius</em></strong></span> <span class='ocrx_word' id='word_1_65' title='bbox 379 1610 520 1672; x_wconf 72' lang='grc' dir='ltr'><strong><em>ἔπὶτάσεις.</em></strong></span> <span class='ocrx_word' id='word_1_66' title='bbox 535 1602 652 1663; x_wconf 83' lang='lat' dir='ltr'><strong><em>Heathii</em></strong></span> <span class='ocrx_word' id='word_1_67' title='bbox 660 1601 852 1676; x_wconf 84' lang='lat' dir='ltr'><strong><em>conjecturam</em></strong></span> <span class='ocrx_word' id='word_1_68' title='bbox 902 1625 945 1676; x_wconf 73' lang='lat' dir='ltr'><strong><em>pov</em></strong></span> <span class='ocrx_word' id='word_1_69' title='bbox 966 1605 1009 1670; x_wconf 70' lang='grc' dir='ltr'><strong><em>τῆς</em></strong></span> <span class='ocrx_word' id='word_1_70' title='bbox 1029 1603 1121 1666; x_wconf 71' lang='grc' dir='ltr'><strong><em>εὐθείας</em></strong></span> <span class='ocrx_word' id='word_1_71' title='bbox 1144 1605 1299 1675; x_wconf 78' lang='grc' dir='ltr'><strong><em>ἐκτραπεῖσιν</em></strong></span> <span class='ocrx_word' id='word_1_72' title='bbox 1323 1605 1348 1665; x_wconf 80' lang='grc' dir='ltr'><strong><em>ἔς</em></strong></span> <span class='ocrx_word' id='word_1_73' title='bbox 1369 1597 1451 1666; x_wconf 73' lang='grc' dir='ltr'><strong><em>δεξιὰ,</em></strong></span> 
     </span>
     <span class='ocr_line' id='line_1_12' title="bbox 307 1679 1451 1761; baseline -0.011 -14"><span class='ocrx_word' id='word_1_74' title='bbox 307 1692 437 1754; x_wconf 68' lang='lat' dir='ltr'><strong><em>frundun</em></strong></span> <span class='ocrx_word' id='word_1_75' title='bbox 446 1685 531 1744; x_wconf 78' lang='lat' dir='ltr'><strong><em>tacite</em></strong></span> <span class='ocrx_word' id='word_1_76' title='bbox 540 1682 655 1742; x_wconf 77' lang='lat' dir='ltr'>admisit</span> <span class='ocrx_word' id='word_1_77' title='bbox 663 1679 851 1761; x_wconf 82' lang='lat' dir='ltr'><strong><em>Musgravius‚</em></strong></span> <span class='ocrx_word' id='word_1_78' title='bbox 901 1687 991 1738; x_wconf 71' lang='grc' dir='ltr'><strong><em>Ὗσιὸν</em></strong></span> <span class='ocrx_word' id='word_1_79' title='bbox 1002 1682 1047 1738; x_wconf 80' lang='lat' dir='ltr'><strong><em>nni</em></strong></span> <span class='ocrx_word' id='word_1_80' title='bbox 1059 1684 1173 1756; x_wconf 73' lang='grc' dir='ltr'><strong><em>Ἐρυθρῶν</em></strong></span> <span class='ocrx_word' id='word_1_81' title='bbox 1182 1680 1275 1757; x_wconf 78' lang='grc' dir='ltr'><strong><em>ἐρεθῐιά</em></strong></span> <span class='ocrx_word' id='word_1_82' title='bbox 1287 1685 1354 1736; x_wconf 76' lang='grc' dir='ltr'><strong><em>ἔστι.</em></strong></span> <span class='ocrx_word' id='word_1_83' title='bbox 1369 1679 1451 1746; x_wconf 70' lang='grc' dir='ltr'><strong><em>πόλεις</em></strong></span> 
     </span>
     <span class='ocr_line' id='line_1_13' title="bbox 307 1755 1337 1830; baseline -0.006 -6"><span class='ocrx_word' id='word_1_84' title='bbox 307 1787 360 1826; x_wconf 84' lang='lat' dir='ltr'><strong><em>nec</em></strong></span> <span class='ocrx_word' id='word_1_85' title='bbox 369 1765 539 1825; x_wconf 72' lang='lat' dir='ltr'><strong><em>dissentiunt</em></strong></span> <span class='ocrx_word' id='word_1_86' title='bbox 547 1765 606 1822; x_wconf 83' lang='lat' dir='ltr'><strong><em>Pal.</em></strong></span> <span class='ocrx_word' id='word_1_87' title='bbox 618 1775 647 1822; x_wconf 87' lang='lat' dir='ltr'><strong><em>et</em></strong></span> <span class='ocrx_word' id='word_1_88' title='bbox 657 1763 743 1820; x_wconf 76' lang='lat' dir='ltr'><strong><em>[asur.</em></strong></span> <span class='ocrx_word' id='word_1_89' title='bbox 758 1763 852 1820; x_wconf 82' lang='lat' dir='ltr'><strong><em>Voca-</em></strong></span> <span class='ocrx_word' id='word_1_90' title='bbox 901 1761 960 1819; x_wconf 74' lang='lat' dir='ltr'><strong><em>noni</em></strong></span> <span class='ocrx_word' id='word_1_91' title='bbox 974 1766 1022 1817; x_wconf 75' lang='grc' dir='ltr'><strong><em>τῢν</em></strong></span> <span class='ocrx_word' id='word_1_92' title='bbox 1033 1768 1141 1818; x_wconf 74' lang='grc' dir='ltr'><strong><em>Βιιιιτῦν</em></strong></span> <span class='ocrx_word' id='word_1_93' title='bbox 1153 1755 1228 1830; x_wconf 70' lang='grc' dir='ltr'><strong><em>ἦσαν,</em></strong></span> <span class='ocrx_word' id='word_1_94' title='bbox 1240 1784 1266 1817; x_wconf 88' lang='grc' dir='ltr'><strong><em>κ.</em></strong></span> <span class='ocrx_word' id='word_1_95' title='bbox 1277 1785 1303 1816; x_wconf 81' lang='grc' dir='ltr'><strong><em>τ.</em></strong></span> <span class='ocrx_word' id='word_1_96' title='bbox 1313 1764 1337 1818; x_wconf 73' lang='grc' dir='ltr'><strong><em>ἔ.</em></strong></span> 
     </span>
     <span class='ocr_line' id='line_1_14' title="bbox 308 1837 1450 1923; baseline -0.007 -18"><span class='ocrx_word' id='word_1_97' title='bbox 308 1847 406 1905; x_wconf 90' lang='lat' dir='ltr'>bulum</span> <span class='ocrx_word' id='word_1_98' title='bbox 420 1845 461 1904; x_wconf 79' lang='lat' dir='ltr'><strong><em>ita</em></strong></span> <span class='ocrx_word' id='word_1_99' title='bbox 473 1844 595 1923; x_wconf 85' lang='lat' dir='ltr'><strong><em>explieat</em></strong></span> <span class='ocrx_word' id='word_1_100' title='bbox 609 1842 768 1902; x_wconf 85' lang='lat' dir='ltr'><strong><em>Heathius:</em></strong></span> <span class='ocrx_word' id='word_1_101' title='bbox 787 1844 853 1899; x_wconf 76' lang='lat' dir='ltr'><strong><em>ideo</em></strong></span> <span class='ocrx_word' id='word_1_102' title='bbox 944 1855 1011 1916; x_wconf 86' lang='lat'><strong><em>754.</em></strong></span> <span class='ocrx_word' id='word_1_103' title='bbox 1033 1843 1107 1897; x_wconf 89' lang='lat' dir='ltr'><strong><em>Cum</em></strong></span> <span class='ocrx_word' id='word_1_104' title='bbox 1121 1841 1176 1898; x_wconf 87' lang='lat' dir='ltr'><strong><em>hoc</em></strong></span> <span class='ocrx_word' id='word_1_105' title='bbox 1185 1859 1274 1907; x_wconf 85' lang='lat' dir='ltr'><strong><em>versu,</em></strong></span> <span class='ocrx_word' id='word_1_106' title='bbox 1285 1837 1335 1916; x_wconf 89' lang='lat' dir='ltr'><strong><em>qui</em></strong></span> <span class='ocrx_word' id='word_1_107' title='bbox 1348 1837 1378 1896; x_wconf 91' lang='lat' dir='ltr'><strong><em>in</em></strong></span> <span class='ocrx_word' id='word_1_108' title='bbox 1388 1837 1450 1897; x_wconf 85' lang='lat' dir='ltr'><strong><em>edi-</em></strong></span> 
     </span>
     <span class='ocr_line' id='line_1_15' title="bbox 308 1919 1450 2000; baseline -0.008 -14"><span class='ocrx_word' id='word_1_109' title='bbox 308 1937 401 1986; x_wconf 85' lang='lat' dir='ltr'><strong><em>antem</em></strong></span> <span class='ocrx_word' id='word_1_110' title='bbox 422 1930 552 1992; x_wconf 72' lang='grc' dir='ltr'><strong><em>διστάσειε</em></strong></span> <span class='ocrx_word' id='word_1_111' title='bbox 575 1926 760 2000; x_wconf 80' lang='lat' dir='ltr'><strong><em>appellentur,</em></strong></span> <span class='ocrx_word' id='word_1_112' title='bbox 781 1923 853 1999; x_wconf 79' lang='lat' dir='ltr'><strong><em>qnod</em></strong></span> <span class='ocrx_word' id='word_1_113' title='bbox 902 1919 981 1979; x_wconf 88' lang='lat' dir='ltr'><strong><em>tione</em></strong></span> <span class='ocrx_word' id='word_1_114' title='bbox 994 1921 1088 1978; x_wconf 85' lang='lat' dir='ltr'><strong><em>Oxou.</em></strong></span> <span class='ocrx_word' id='word_1_115' title='bbox 1103 1932 1148 1978; x_wconf 84' lang='lat' dir='ltr'><strong><em>est</em></strong></span> <span class='ocrx_word' id='word_1_116' title='bbox 1162 1934 1229 1996; x_wconf 89' lang='grc'><strong><em>755.</em></strong></span> <span class='ocrx_word' id='word_1_117' title='bbox 1243 1919 1377 1977; x_wconf 85' lang='lat' dir='ltr'><strong><em>desinunt</em></strong></span> <span class='ocrx_word' id='word_1_118' title='bbox 1392 1919 1450 1977; x_wconf 87' lang='lat' dir='ltr'><strong><em>duo</em></strong></span> 
     </span>
     <span class='ocr_line' id='line_1_16' title="bbox 308 1999 1448 2083; baseline -0.01 -17"><span class='ocrx_word' id='word_1_119' title='bbox 308 2027 465 2083; x_wconf 81' lang='lat' dir='ltr'><strong><em>camporum</em></strong></span> <span class='ocrx_word' id='word_1_120' title='bbox 486 2024 604 2080; x_wconf 80' lang='lat' dir='ltr'><strong><em>aequora</em></strong></span> <span class='ocrx_word' id='word_1_121' title='bbox 628 2008 670 2062; x_wconf 76' lang='lat' dir='ltr'><strong><em>tta</em></strong></span> <span class='ocrx_word' id='word_1_122' title='bbox 692 2005 741 2060; x_wconf 80' lang='lat' dir='ltr'><strong><em>snb</em></strong></span> <span class='ocrx_word' id='word_1_123' title='bbox 762 2011 853 2060; x_wconf 86' lang='lat' dir='ltr'><strong><em>monte</em></strong></span> <span class='ocrx_word' id='word_1_124' title='bbox 901 2000 969 2081; x_wconf 84' lang='lat' dir='ltr'><strong><em>regii</em></strong></span> <span class='ocrx_word' id='word_1_125' title='bbox 983 1999 1109 2059; x_wconf 86' lang='lat' dir='ltr'><strong><em>codioes:</em></strong></span> <span class='ocrx_word' id='word_1_126' title='bbox 1133 2020 1201 2070; x_wconf 89' lang='lat' dir='ltr'><strong><em>non,</em></strong></span> <span class='ocrx_word' id='word_1_127' title='bbox 1216 2012 1249 2057; x_wconf 83' lang='lat' dir='ltr'><strong><em>ut</em></strong></span> <span class='ocrx_word' id='word_1_128' title='bbox 1263 1999 1302 2056; x_wconf 86' lang='lat' dir='ltr'><strong><em>ait</em></strong></span> <span class='ocrx_word' id='word_1_129' title='bbox 1314 2001 1448 2078; x_wconf 81' lang='lat' dir='ltr'><strong><em>Musgra-</em></strong></span> 
     </span>
     <span class='ocr_line' id='line_1_17' title="bbox 311 2078 1448 2156; baseline -0.007 -10"><span class='ocrx_word' id='word_1_130' title='bbox 311 2089 474 2146; x_wconf 74' lang='lat' dir='ltr'><strong><em>Cithaerone</em></strong></span> <span class='ocrx_word' id='word_1_131' title='bbox 487 2087 707 2143; x_wconf 76' lang='lat' dir='ltr'><strong><em>extendebantur.</em></strong></span> <span class='ocrx_word' id='word_1_132' title='bbox 901 2081 961 2139; x_wconf 86' lang='lat' dir='ltr'><strong><em>vius</em></strong></span> <span class='ocrx_word' id='word_1_133' title='bbox 974 2081 1004 2138; x_wconf 91' lang='lat' dir='ltr'><strong><em>in</em></strong></span> <span class='ocrx_word' id='word_1_134' title='bbox 1018 2080 1102 2150; x_wconf 83' lang='lat' dir='ltr'><strong><em>notis,</em></strong></span> <span class='ocrx_word' id='word_1_135' title='bbox 1116 2100 1183 2138; x_wconf 89' lang='lat' dir='ltr'><strong><em>cum</em></strong></span> <span class='ocrx_word' id='word_1_136' title='bbox 1201 2100 1226 2138; x_wconf 88' lang='lat' dir='ltr'><strong><em>v.</em></strong></span> <span class='ocrx_word' id='word_1_137' title='bbox 1243 2095 1259 2155; x_wconf 89' lang='lat'><em>7</em></span> <span class='ocrx_word' id='word_1_138' title='bbox 1262 2095 1311 2156; x_wconf 79' lang='lat'><strong><em>51.</em></strong></span> <span class='ocrx_word' id='word_1_139' title='bbox 1325 2078 1375 2156; x_wconf 89' lang='lat' dir='ltr'><strong><em>qui</em></strong></span> <span class='ocrx_word' id='word_1_140' title='bbox 1393 2099 1448 2138; x_wconf 90' lang='lat' dir='ltr'><strong><em>no-</em></strong></span> 
     </span>
    </p>

    <p class='ocr_par' dir='ltr' id='par_1_6' title="bbox 306 2160 1454 2561">
     <span class='ocr_line' id='line_1_18' title="bbox 349 2160 1450 2241; baseline -0.005 -17"><span class='ocrx_word' id='word_1_141' title='bbox 349 2169 419 2226; x_wconf 77' lang='lat' dir='ltr'><strong><em>loto.</em></strong></span> <span class='ocrx_word' id='word_1_142' title='bbox 439 2166 527 2224; x_wconf 84' lang='lat' dir='ltr'><strong><em>Aldus</em></strong></span> <span class='ocrx_word' id='word_1_143' title='bbox 539 2171 661 2232; x_wconf 72' lang='lat' dir='ltr'><strong><em>atomos,</em></strong></span> <span class='ocrx_word' id='word_1_144' title='bbox 675 2162 753 2241; x_wconf 90' lang='lat' dir='ltr'><strong><em>quod</em></strong></span> <span class='ocrx_word' id='word_1_145' title='bbox 766 2181 851 2220; x_wconf 91' lang='lat' dir='ltr'><strong><em>nemo</em></strong></span> <span class='ocrx_word' id='word_1_146' title='bbox 901 2161 945 2220; x_wconf 91' lang='lat' dir='ltr'><strong><em>bis</em></strong></span> <span class='ocrx_word' id='word_1_147' title='bbox 959 2172 1003 2219; x_wconf 88' lang='lat' dir='ltr'><strong><em>est</em></strong></span> <span class='ocrx_word' id='word_1_148' title='bbox 1018 2176 1085 2237; x_wconf 90' lang='lat'>740.</span> <span class='ocrx_word' id='word_1_149' title='bbox 1103 2162 1198 2240; x_wconf 86' lang='lat' dir='ltr'><strong><em>[hujus</em></strong></span> <span class='ocrx_word' id='word_1_150' title='bbox 1212 2161 1256 2219; x_wconf 91' lang='lat' dir='ltr'><strong><em>ed.</em></strong></span> <span class='ocrx_word' id='word_1_151' title='bbox 1273 2176 1288 2233; x_wconf 90' lang='lat'>7</span> <span class='ocrx_word' id='word_1_152' title='bbox 1292 2161 1355 2236; x_wconf 90' lang='grc' dir='ltr'><strong><em>5ο.]</em></strong></span> <span class='ocrx_word' id='word_1_153' title='bbox 1377 2160 1450 2218; x_wconf 83' lang='lat' dir='ltr'><strong><em>Post</em></strong></span> 
     </span>
     <span class='ocr_line' id='line_1_19' title="bbox 307 2239 1448 2323; baseline -0.005 -18"><span class='ocrx_word' id='word_1_154' title='bbox 307 2246 427 2306; x_wconf 82' lang='lat' dir='ltr'><strong><em>conexit</em></strong></span> <span class='ocrx_word' id='word_1_155' title='bbox 449 2258 517 2304; x_wconf 85' lang='lat' dir='ltr'><strong><em>ante</em></strong></span> <span class='ocrx_word' id='word_1_156' title='bbox 542 2244 745 2323; x_wconf 84' lang='lat' dir='ltr'><strong><em>Musgravium.</em></strong></span> <span class='ocrx_word' id='word_1_157' title='bbox 788 2244 852 2301; x_wconf 93' lang='lat' dir='ltr'><strong><em>Imo</em></strong></span> <span class='ocrx_word' id='word_1_158' title='bbox 901 2243 985 2300; x_wconf 86' lang='lat' dir='ltr'><strong><em>verba</em></strong></span> <span class='ocrx_word' id='word_1_159' title='bbox 1004 2249 1029 2298; x_wconf 81' lang='grc' dir='ltr'>σύ</span> <span class='ocrx_word' id='word_1_160' title='bbox 1047 2246 1141 2314; x_wconf 70' lang='grc' dir='ltr'><strong><em>δεσμῶν</em></strong></span> <span class='ocrx_word' id='word_1_161' title='bbox 1157 2244 1209 2309; x_wconf 77' lang='lat' dir='ltr'><strong><em>tna,</em></strong></span> <span class='ocrx_word' id='word_1_162' title='bbox 1224 2242 1260 2298; x_wconf 89' lang='lat' dir='ltr'><strong><em>G.</em></strong></span> <span class='ocrx_word' id='word_1_163' title='bbox 1275 2239 1305 2297; x_wconf 90' lang='lat' dir='ltr'><strong><em>in</em></strong></span> <span class='ocrx_word' id='word_1_164' title='bbox 1319 2241 1375 2298; x_wconf 89' lang='lat' dir='ltr'><strong><em>fine</em></strong></span> <span class='ocrx_word' id='word_1_165' title='bbox 1394 2260 1448 2318; x_wconf 82' lang='lat' dir='ltr'><strong><em>pa·</em></strong></span> 
     </span>
     <span class='ocr_line' id='line_1_20' title="bbox 307 2320 1446 2403; baseline -0.005 -19"><span class='ocrx_word' id='word_1_166' title='bbox 307 2330 408 2402; x_wconf 80' lang='lat' dir='ltr'><strong><em>Aesopi</em></strong></span> <span class='ocrx_word' id='word_1_167' title='bbox 417 2325 583 2403; x_wconf 85' lang='lat' dir='ltr'><strong><em>interpretes</em></strong></span> <span class='ocrx_word' id='word_1_168' title='bbox 593 2322 699 2382; x_wconf 85' lang='lat' dir='ltr'><strong><em>Latini.</em></strong></span> <span class='ocrx_word' id='word_1_169' title='bbox 721 2324 757 2380; x_wconf 94' lang='lat' dir='ltr'><strong><em>In</em></strong></span> <span class='ocrx_word' id='word_1_170' title='bbox 765 2323 850 2380; x_wconf 77' lang='lat' dir='ltr'><strong><em>Laut.</em></strong></span> <span class='ocrx_word' id='word_1_171' title='bbox 899 2320 984 2400; x_wconf 84' lang='lat' dir='ltr'><strong><em>ginae</em></strong></span> <span class='ocrx_word' id='word_1_172' title='bbox 997 2323 1084 2379; x_wconf 88' lang='lat' dir='ltr'><strong><em>habet</em></strong></span> <span class='ocrx_word' id='word_1_173' title='bbox 1100 2323 1188 2379; x_wconf 79' lang='grc' dir='ltr'><strong><em>λεθσει.</em></strong></span> <span class='ocrx_word' id='word_1_174' title='bbox 1218 2322 1254 2378; x_wconf 92' lang='lat' dir='ltr'><strong><em>In</em></strong></span> <span class='ocrx_word' id='word_1_175' title='bbox 1267 2322 1304 2378; x_wconf 85' lang='lat' dir='ltr'><strong><em>E.</em></strong></span> <span class='ocrx_word' id='word_1_176' title='bbox 1319 2333 1386 2398; x_wconf 88' lang='lat' dir='ltr'><strong><em>post</em></strong></span> <span class='ocrx_word' id='word_1_177' title='bbox 1397 2340 1446 2379; x_wconf 89' lang='lat' dir='ltr'><strong><em>ea·</em></strong></span> 
     </span>
     <span class='ocr_line' id='line_1_21' title="bbox 306 2400 1454 2482; baseline -0.005 -17"><span class='ocrx_word' id='word_1_178' title='bbox 306 2418 382 2465; x_wconf 80' lang='lat' dir='ltr'><strong><em>recte</em></strong></span> <span class='ocrx_word' id='word_1_179' title='bbox 391 2404 527 2482; x_wconf 86' lang='lat' dir='ltr'><strong><em>scriptum</em></strong></span> <span class='ocrx_word' id='word_1_180' title='bbox 537 2411 646 2462; x_wconf 78' lang='grc' dir='ltr'><strong><em>σἰσσισσῦ.</em></strong></span> <span class='ocrx_word' id='word_1_181' title='bbox 666 2403 754 2461; x_wconf 80' lang='lat' dir='ltr'><strong><em>Aldus</em></strong></span> <span class='ocrx_word' id='word_1_182' title='bbox 764 2401 851 2460; x_wconf 84' lang='lat' dir='ltr'><strong><em>etiam</em></strong></span> <span class='ocrx_word' id='word_1_183' title='bbox 901 2403 966 2460; x_wconf 90' lang='lat' dir='ltr'><strong><em>dem</em></strong></span> <span class='ocrx_word' id='word_1_184' title='bbox 980 2404 1064 2460; x_wconf 82' lang='lat' dir='ltr'><strong><em>verba</em></strong></span> <span class='ocrx_word' id='word_1_185' title='bbox 1076 2402 1112 2459; x_wconf 92' lang='lat' dir='ltr'><strong><em>ad</em></strong></span> <span class='ocrx_word' id='word_1_186' title='bbox 1124 2401 1199 2460; x_wconf 88' lang='lat' dir='ltr'><strong><em>latus</em></strong></span> <span class='ocrx_word' id='word_1_187' title='bbox 1212 2400 1359 2479; x_wconf 86' lang='lat' dir='ltr'><strong><em>scriptum,</em></strong></span> <span class='ocrx_word' id='word_1_188' title='bbox 1369 2404 1454 2460; x_wconf 71' lang='grc' dir='ltr'><strong><em>λείσει-</em></strong></span> 
     </span>
     <span class='ocr_line' id='line_1_22' title="bbox 306 2479 1448 2561; baseline -0.004 -17"><span class='ocrx_word' id='word_1_189' title='bbox 306 2493 407 2544; x_wconf 71' lang='lat' dir='ltr'><strong><em>Aeones</em></strong></span> <span class='ocrx_word' id='word_1_190' title='bbox 421 2505 445 2543; x_wconf 87' lang='grc' dir='ltr'><strong><em>ν.</em></strong></span> <span class='ocrx_word' id='word_1_191' title='bbox 461 2502 546 2558; x_wconf 80' lang='grc' dir='ltr'><strong><em>ιο4ι.</em></strong></span> <span class='ocrx_word' id='word_1_192' title='bbox 900 2487 989 2561; x_wconf 64' lang='lat' dir='ltr'><strong><em>putten</em></strong></span> <span class='ocrx_word' id='word_1_193' title='bbox 1011 2484 1184 2558; x_wconf 75' lang='grc' dir='ltr'><strong><em>τρισκαίδεκα,</em></strong></span> <span class='ocrx_word' id='word_1_194' title='bbox 1208 2479 1288 2555; x_wconf 86' lang='lat' dir='ltr'><strong><em>cujus</em></strong></span> <span class='ocrx_word' id='word_1_195' title='bbox 1315 2480 1355 2538; x_wconf 87' lang='lat' dir='ltr'><strong><em>rei</em></strong></span> <span class='ocrx_word' id='word_1_196' title='bbox 1378 2481 1448 2539; x_wconf 88' lang='lat' dir='ltr'><strong><em>fides</em></strong></span> 
     </span>
    </p>

    <p class='ocr_par' dir='ltr' id='par_1_7' title="bbox 305 2559 1448 2801">
     <span class='ocr_line' id='line_1_23' title="bbox 348 2559 1448 2642; baseline -0.003 -17"><span class='ocrx_word' id='word_1_197' title='bbox 348 2581 416 2642; x_wconf 84' lang='lat'><strong><em>749.</em></strong></span> <span class='ocrx_word' id='word_1_198' title='bbox 447 2565 537 2624; x_wconf 89' lang='lat' dir='ltr'><strong><em>Aldus</em></strong></span> <span class='ocrx_word' id='word_1_199' title='bbox 558 2566 667 2635; x_wconf 76' lang='grc' dir='ltr'><strong><em>θηβαΐιν.</em></strong></span> <span class='ocrx_word' id='word_1_200' title='bbox 698 2562 785 2620; x_wconf 82' lang='lat' dir='ltr'><strong><em>Laut.</em></strong></span> <span class='ocrx_word' id='word_1_201' title='bbox 809 2565 851 2632; x_wconf 82' lang='grc' dir='ltr'><strong><em>θη·</em></strong></span> <span class='ocrx_word' id='word_1_202' title='bbox 900 2581 987 2640; x_wconf 86' lang='lat' dir='ltr'><strong><em>penes</em></strong></span> <span class='ocrx_word' id='word_1_203' title='bbox 1005 2561 1138 2620; x_wconf 84' lang='lat' dir='ltr'>librarum</span> <span class='ocrx_word' id='word_1_204' title='bbox 1158 2573 1230 2620; x_wconf 89' lang='lat' dir='ltr'><strong><em>esto.</em></strong></span> <span class='ocrx_word' id='word_1_205' title='bbox 1263 2563 1344 2623; x_wconf 84' lang='lat' dir='ltr'><strong><em>Quae</em></strong></span> <span class='ocrx_word' id='word_1_206' title='bbox 1363 2559 1448 2636; x_wconf 87' lang='lat' dir='ltr'><strong><em>hujus</em></strong></span> 
     </span>
     <span class='ocr_line' id='line_1_24' title="bbox 305 2640 1446 2724; baseline -0.004 -19"><span class='ocrx_word' id='word_1_207' title='bbox 305 2649 391 2719; x_wconf 75' lang='grc' dir='ltr'><strong><em>βσθνν,</em></strong></span> <span class='ocrx_word' id='word_1_208' title='bbox 409 2645 485 2724; x_wconf 90' lang='lat' dir='ltr'><strong><em>quod</em></strong></span> <span class='ocrx_word' id='word_1_209' title='bbox 505 2665 522 2703; x_wconf 86' lang='lat' dir='ltr'><strong><em>e</em></strong></span> <span class='ocrx_word' id='word_1_210' title='bbox 541 2645 628 2702; x_wconf 88' lang='lat' dir='ltr'>MSS.</span> <span class='ocrx_word' id='word_1_211' title='bbox 651 2643 716 2700; x_wconf 87' lang='lat' dir='ltr'><strong><em>Par.</em></strong></span> <span class='ocrx_word' id='word_1_212' title='bbox 738 2640 853 2700; x_wconf 82' lang='lat' dir='ltr'><strong><em>admisit</em></strong></span> <span class='ocrx_word' id='word_1_213' title='bbox 901 2641 1035 2699; x_wconf 81' lang='lat' dir='ltr'><strong><em>dramatis</em></strong></span> <span class='ocrx_word' id='word_1_214' title='bbox 1051 2641 1080 2699; x_wconf 90' lang='lat' dir='ltr'><strong><em>in</em></strong></span> <span class='ocrx_word' id='word_1_215' title='bbox 1094 2641 1194 2700; x_wconf 84' lang='lat' dir='ltr'><strong><em>eodem</em></strong></span> <span class='ocrx_word' id='word_1_216' title='bbox 1208 2641 1306 2700; x_wconf 86' lang='lat' dir='ltr'><strong><em>codice</em></strong></span> <span class='ocrx_word' id='word_1_217' title='bbox 1324 2654 1446 2712; x_wconf 85' lang='lat' dir='ltr'><strong><em>exstant,</em></strong></span> 
     </span>
     <span class='ocr_line' id='line_1_25' title="bbox 307 2721 1445 2801; baseline -0.004 -15"><span class='ocrx_word' id='word_1_218' title='bbox 307 2726 475 2786; x_wconf 78' lang='lat' dir='ltr'><strong><em>Bninckius.</em></strong></span> <span class='ocrx_word' id='word_1_219' title='bbox 511 2727 575 2782; x_wconf 91' lang='lat' dir='ltr'><strong><em>Non</em></strong></span> <span class='ocrx_word' id='word_1_220' title='bbox 595 2721 712 2801; x_wconf 88' lang='lat' dir='ltr'><strong><em>(inquit)</em></strong></span> <span class='ocrx_word' id='word_1_221' title='bbox 735 2725 852 2780; x_wconf 78' lang='lat' dir='ltr'><strong><em>deterius</em></strong></span> <span class='ocrx_word' id='word_1_222' title='bbox 900 2722 986 2780; x_wconf 83' lang='lat' dir='ltr'><strong><em>XIX.</em></strong></span> <span class='ocrx_word' id='word_1_223' title='bbox 1007 2721 1082 2779; x_wconf 84' lang='lat' dir='ltr'><strong><em>foliis</em></strong></span> <span class='ocrx_word' id='word_1_224' title='bbox 1102 2721 1294 2781; x_wconf 84' lang='lat' dir='ltr'><strong><em>continentur.</em></strong></span> <span class='ocrx_word' id='word_1_225' title='bbox 1319 2725 1445 2782; x_wconf 84' lang='lat' dir='ltr'><strong><em>Banno-</em></strong></span> 
     </span>
    </p>
   </div>
   <div class='ocr_carea' id='block_1_6' title="bbox 216 2802 1447 2880">
    <p class='ocr_par' dir='ltr' id='par_1_8' title="bbox 216 2802 1447 2880">
     <span class='ocr_line' id='line_1_26' title="bbox 216 2802 1447 2880; baseline 0.005 -24"><span class='ocrx_word' id='word_1_226' title='bbox 216 2848 219 2856; x_wconf 52' lang='lat'><strong><em>.</em></strong></span> <span class='ocrx_word' id='word_1_227' title='bbox 306 2809 511 2880; x_wconf 61' lang='grc' dir='ltr'><strong><em>ωριθηβανεις,</em></strong></span> <span class='ocrx_word' id='word_1_228' title='bbox 902 2821 982 2860; x_wconf 77' lang='lat' dir='ltr'><strong><em>ntus.</em></strong></span> <span class='ocrx_word' id='word_1_229' title='bbox 1016 2802 1196 2880; x_wconf 82' lang='lat' dir='ltr'><strong><em>Mnsgravius</em></strong></span> <span class='ocrx_word' id='word_1_230' title='bbox 1212 2802 1242 2861; x_wconf 91' lang='lat' dir='ltr'><strong><em>in</em></strong></span> <span class='ocrx_word' id='word_1_231' title='bbox 1263 2802 1447 2862; x_wconf 83' lang='lat' dir='ltr'><strong><em>annotatione</em></strong></span> 
     </span>
    </p>
   </div>
   <div class='ocr_carea' id='block_1_7' title="bbox 301 2883 1474 4488">
    <p class='ocr_par' dir='ltr' id='par_1_9' title="bbox 304 2883 1474 3685">
     <span class='ocr_line' id='line_1_27' title="bbox 349 2883 1448 2964; baseline -0.003 -19"><span class='ocrx_word' id='word_1_232' title='bbox 349 2903 417 2964; x_wconf 89' lang='grc' dir='ltr'><strong><em>75ο.</em></strong></span> <span class='ocrx_word' id='word_1_233' title='bbox 438 2884 614 2945; x_wconf 85' lang='lat' dir='ltr'><strong><em>Brunckius:</em></strong></span> <span class='ocrx_word' id='word_1_234' title='bbox 636 2887 766 2950; x_wconf 60' lang='grc' dir='ltr'><strong><em>’Τσίσςδζ</em></strong></span> <span class='ocrx_word' id='word_1_235' title='bbox 781 2887 850 2958; x_wconf 77' lang='lat' dir='ltr'><strong><em>‘Epo-</em></strong></span> <span class='ocrx_word' id='word_1_236' title='bbox 901 2883 975 2940; x_wconf 84' lang='lat' dir='ltr'><strong><em>adv.</em></strong></span> <span class='ocrx_word' id='word_1_237' title='bbox 988 2897 1056 2958; x_wconf 83' lang='lat'><strong><em>751.</em></strong></span> <span class='ocrx_word' id='word_1_238' title='bbox 1075 2902 1143 2940; x_wconf 88' lang='lat' dir='ltr'><strong><em>sune</em></strong></span> <span class='ocrx_word' id='word_1_239' title='bbox 1160 2884 1204 2941; x_wconf 93' lang='lat' dir='ltr'><strong><em>ed.</em></strong></span> <span class='ocrx_word' id='word_1_240' title='bbox 1236 2886 1326 2942; x_wconf 84' lang='lat' dir='ltr'><strong><em>Porro</em></strong></span> <span class='ocrx_word' id='word_1_241' title='bbox 1346 2887 1376 2940; x_wconf 86' lang='lat' dir='ltr'><strong><em>in</em></strong></span> <span class='ocrx_word' id='word_1_242' title='bbox 1396 2885 1448 2942; x_wconf 77' lang='lat' dir='ltr'><strong><em>noo</em></strong></span> 
     </span>
     <span class='ocr_line' id='line_1_28' title="bbox 307 2965 1446 3045; baseline -0.004 -18"><span class='ocrx_word' id='word_1_243' title='bbox 307 2972 365 3045; x_wconf 75' lang='grc' dir='ltr'><strong><em>θράς</em></strong></span> <span class='ocrx_word' id='word_1_244' title='bbox 378 2972 409 3025; x_wconf 84' lang='grc' dir='ltr'><strong><em>θ’.</em></strong></span> <span class='ocrx_word' id='word_1_245' title='bbox 440 2969 522 3030; x_wconf 87' lang='lat' dir='ltr'><strong><em>Quae</em></strong></span> <span class='ocrx_word' id='word_1_246' title='bbox 534 2966 619 3025; x_wconf 87' lang='lat' dir='ltr'><strong><em>verba</em></strong></span> <span class='ocrx_word' id='word_1_247' title='bbox 639 2985 697 3022; x_wconf 89' lang='lat' dir='ltr'><strong><em>non</em></strong></span> <span class='ocrx_word' id='word_1_248' title='bbox 716 2983 733 3020; x_wconf 88' lang='lat' dir='ltr'>a</span> <span class='ocrx_word' id='word_1_249' title='bbox 750 2970 852 3039; x_wconf 74' lang='grc' dir='ltr'><strong><em>χωροῦσι</em></strong></span> <span class='ocrx_word' id='word_1_250' title='bbox 899 2983 978 3021; x_wconf 86' lang='lat' dir='ltr'><strong><em>versn</em></strong></span> <span class='ocrx_word' id='word_1_251' title='bbox 996 2965 1122 3021; x_wconf 81' lang='lat' dir='ltr'><strong><em>desinant</em></strong></span> <span class='ocrx_word' id='word_1_252' title='bbox 1140 2965 1229 3022; x_wconf 88' lang='lat' dir='ltr'><strong><em>MSS.</em></strong></span> <span class='ocrx_word' id='word_1_253' title='bbox 1245 2966 1280 3021; x_wconf 90' lang='lat' dir='ltr'><strong><em>E.</em></strong></span> <span class='ocrx_word' id='word_1_254' title='bbox 1300 2967 1334 3022; x_wconf 85' lang='lat' dir='ltr'><strong><em>G.</em></strong></span> <span class='ocrx_word' id='word_1_255' title='bbox 1364 2965 1446 3023; x_wconf 87' lang='lat' dir='ltr'><strong><em>Idem</em></strong></span> 
     </span>
     <span class='ocr_line' id='line_1_29' title="bbox 307 3041 1447 3122; baseline -0.004 -16"><span class='ocrx_word' id='word_1_256' title='bbox 307 3049 358 3107; x_wconf 82' lang='lat' dir='ltr'><strong><em>sed</em></strong></span> <span class='ocrx_word' id='word_1_257' title='bbox 376 3048 412 3106; x_wconf 93' lang='lat' dir='ltr'><strong><em>ab</em></strong></span> <span class='ocrx_word' id='word_1_258' title='bbox 425 3055 615 3106; x_wconf 72' lang='grc' dir='ltr'><strong><em>ἐπεσπεσοῦσαι</em></strong></span> <span class='ocrx_word' id='word_1_259' title='bbox 635 3045 757 3122; x_wconf 83' lang='lat' dir='ltr'><strong><em>pendere</em></strong></span> <span class='ocrx_word' id='word_1_260' title='bbox 777 3053 852 3101; x_wconf 82' lang='lat' dir='ltr'><strong><em>recte</em></strong></span> <span class='ocrx_word' id='word_1_261' title='bbox 900 3041 931 3101; x_wconf 90' lang='lat' dir='ltr'><strong><em>in</em></strong></span> <span class='ocrx_word' id='word_1_262' title='bbox 953 3042 1046 3102; x_wconf 88' lang='lat' dir='ltr'><strong><em>indice</em></strong></span> <span class='ocrx_word' id='word_1_263' title='bbox 1067 3043 1214 3102; x_wconf 87' lang='lat' dir='ltr'><strong><em>codicum:</em></strong></span> <span class='ocrx_word' id='word_1_264' title='bbox 1238 3047 1352 3121; x_wconf 55' lang='lat' dir='ltr'><strong><em>&amp;nique</em></strong></span> <span class='ocrx_word' id='word_1_265' title='bbox 1371 3045 1447 3102; x_wconf 86' lang='lat' dir='ltr'><strong><em>Boo·</em></strong></span> 
     </span>
     <span class='ocr_line' id='line_1_30' title="bbox 306 3123 1474 3203; baseline -0.002 -17"><span class='ocrx_word' id='word_1_266' title='bbox 306 3138 412 3186; x_wconf 87' lang='lat' dir='ltr'><strong><em>monet.</em></strong></span> <span class='ocrx_word' id='word_1_267' title='bbox 443 3125 567 3185; x_wconf 79' lang='lat' dir='ltr'><strong><em>Mutavit</em></strong></span> <span class='ocrx_word' id='word_1_268' title='bbox 579 3124 664 3203; x_wconf 74' lang='lat' dir='ltr'><strong><em>igitar</em></strong></span> <span class='ocrx_word' id='word_1_269' title='bbox 676 3123 851 3202; x_wconf 86' lang='lat' dir='ltr'><strong><em>particulam,</em></strong></span> <span class='ocrx_word' id='word_1_270' title='bbox 901 3126 968 3182; x_wconf 82' lang='lat' dir='ltr'><strong><em>chae</em></strong></span> <span class='ocrx_word' id='word_1_271' title='bbox 988 3143 1072 3200; x_wconf 81' lang='lat' dir='ltr'><strong><em>usqne</em></strong></span> <span class='ocrx_word' id='word_1_272' title='bbox 1089 3127 1127 3182; x_wconf 87' lang='lat' dir='ltr'><strong><em>ad</em></strong></span> <span class='ocrx_word' id='word_1_273' title='bbox 1144 3145 1169 3184; x_wconf 85' lang='lat' dir='ltr'><strong><em>v.</em></strong></span> <span class='ocrx_word' id='word_1_274' title='bbox 1185 3140 1253 3201; x_wconf 86' lang='lat'><strong><em>754.</em></strong></span> <span class='ocrx_word' id='word_1_275' title='bbox 1276 3128 1324 3184; x_wconf 82' lang='lat' dir='ltr'><strong><em>ubi</em></strong></span> <span class='ocrx_word' id='word_1_276' title='bbox 1345 3125 1446 3198; x_wconf 80' lang='lat' dir='ltr'><strong><em>adjecit</em></strong></span> <span class='ocrx_word' id='word_1_277' title='bbox 1472 3189 1474 3192; x_wconf 63' lang='grc'><strong>,</strong></span> 
     </span>
     <span class='ocr_line' id='line_1_31' title="bbox 306 3202 1458 3284; baseline -0.001 -18"><span class='ocrx_word' id='word_1_278' title='bbox 306 3219 336 3266; x_wconf 86' lang='lat' dir='ltr'><strong><em>et</em></strong></span> <span class='ocrx_word' id='word_1_279' title='bbox 358 3204 469 3284; x_wconf 85' lang='lat' dir='ltr'><strong><em>plenius</em></strong></span> <span class='ocrx_word' id='word_1_280' title='bbox 492 3225 577 3283; x_wconf 85' lang='lat' dir='ltr'>quam</span> <span class='ocrx_word' id='word_1_281' title='bbox 605 3203 635 3260; x_wconf 91' lang='lat' dir='ltr'><strong><em>in</em></strong></span> <span class='ocrx_word' id='word_1_282' title='bbox 662 3202 852 3281; x_wconf 84' lang='lat' dir='ltr'><strong><em>superioribus</em></strong></span> <span class='ocrx_word' id='word_1_283' title='bbox 901 3207 1044 3263; x_wconf 73' lang='lat' dir='ltr'><strong><em>Librarius</em></strong></span> <span class='ocrx_word' id='word_1_284' title='bbox 1057 3207 1139 3263; x_wconf 83' lang='lat' dir='ltr'><strong><em>verbo</em></strong></span> <span class='ocrx_word' id='word_1_285' title='bbox 1152 3209 1230 3263; x_wconf 74' lang='grc' dir='ltr'><strong><em>λείπει</em></strong></span> <span class='ocrx_word' id='word_1_286' title='bbox 1242 3209 1332 3284; x_wconf 66' lang='grc' dir='ltr'>φύλλα</span> <span class='ocrx_word' id='word_1_287' title='bbox 1341 3209 1391 3282; x_wconf 78' lang='grc' dir='ltr'><strong><em>τρὶς</em></strong></span> <span class='ocrx_word' id='word_1_288' title='bbox 1401 3207 1458 3265; x_wconf 73' lang='grc' dir='ltr'><strong><em>καὶ-</em></strong></span> 
     </span>
     <span class='ocr_line' id='line_1_32' title="bbox 305 3281 1447 3364; baseline 0 -20"><span class='ocrx_word' id='word_1_289' title='bbox 305 3283 473 3346; x_wconf 83' lang='lat' dir='ltr'><strong><em>editionibus</em></strong></span> <span class='ocrx_word' id='word_1_290' title='bbox 498 3295 564 3362; x_wconf 90' lang='lat' dir='ltr'><strong><em>post</em></strong></span> <span class='ocrx_word' id='word_1_291' title='bbox 590 3287 689 3355; x_wconf 78' lang='grc' dir='ltr'><strong><em>στάχυν</em></strong></span> <span class='ocrx_word' id='word_1_292' title='bbox 711 3281 850 3340; x_wconf 80' lang='lat' dir='ltr'><strong><em>dixtinxit.</em></strong></span> <span class='ocrx_word' id='word_1_293' title='bbox 900 3285 968 3343; x_wconf 77' lang='grc' dir='ltr'><strong><em>δέκα.</em></strong></span> <span class='ocrx_word' id='word_1_294' title='bbox 1003 3286 1076 3352; x_wconf 79' lang='lat' dir='ltr'><strong><em>Iino,</em></strong></span> <span class='ocrx_word' id='word_1_295' title='bbox 1099 3304 1187 3363; x_wconf 89' lang='lat' dir='ltr'><strong><em>usque</em></strong></span> <span class='ocrx_word' id='word_1_296' title='bbox 1207 3286 1244 3344; x_wconf 92' lang='lat' dir='ltr'><strong><em>ad</em></strong></span> <span class='ocrx_word' id='word_1_297' title='bbox 1263 3307 1289 3345; x_wconf 89' lang='lat' dir='ltr'><strong><em>v.</em></strong></span> <span class='ocrx_word' id='word_1_298' title='bbox 1305 3301 1373 3363; x_wconf 86' lang='grc'><strong><em>755.</em></strong></span> <span class='ocrx_word' id='word_1_299' title='bbox 1398 3285 1447 3364; x_wconf 90' lang='lat' dir='ltr'><strong><em>qui</em></strong></span> 
     </span>
     <span class='ocr_line' id='line_1_33' title="bbox 305 3361 1447 3444; baseline -0.001 -19"><span class='ocrx_word' id='word_1_300' title='bbox 305 3367 373 3440; x_wconf 80' lang='lat' dir='ltr'><strong><em>Hoc</em></strong></span> <span class='ocrx_word' id='word_1_301' title='bbox 386 3363 502 3442; x_wconf 88' lang='lat' dir='ltr'><strong><em>quidem</em></strong></span> <span class='ocrx_word' id='word_1_302' title='bbox 516 3374 599 3422; x_wconf 82' lang='lat' dir='ltr'><strong><em>recte.</em></strong></span> <span class='ocrx_word' id='word_1_303' title='bbox 632 3361 773 3420; x_wconf 79' lang='lat' dir='ltr'><strong><em>Particula</em></strong></span> <span class='ocrx_word' id='word_1_304' title='bbox 787 3381 851 3420; x_wconf 88' lang='lat' dir='ltr'><strong><em>vero</em></strong></span> <span class='ocrx_word' id='word_1_305' title='bbox 900 3363 981 3422; x_wconf 87' lang='lat' dir='ltr'><strong><em>nobis</em></strong></span> <span class='ocrx_word' id='word_1_306' title='bbox 994 3376 1039 3422; x_wconf 84' lang='lat' dir='ltr'><strong><em>est</em></strong></span> <span class='ocrx_word' id='word_1_307' title='bbox 1053 3379 1120 3441; x_wconf 85' lang='lat'><strong><em>754.</em></strong></span> <span class='ocrx_word' id='word_1_308' title='bbox 1156 3367 1248 3424; x_wconf 87' lang='lat' dir='ltr'><strong><em>Verba</em></strong></span> <span class='ocrx_word' id='word_1_309' title='bbox 1266 3370 1447 3444; x_wconf 74' lang='grc' dir='ltr'><strong><em>λεισειφόλισι</em></strong></span> 
     </span>
     <span class='ocr_line' id='line_1_34' title="bbox 304 3441 1445 3521; baseline 0.001 -16"><span class='ocrx_word' id='word_1_310' title='bbox 304 3471 343 3516; x_wconf 80' lang='grc' dir='ltr'><strong><em>σε,</em></strong></span> <span class='ocrx_word' id='word_1_311' title='bbox 358 3444 388 3506; x_wconf 89' lang='lat' dir='ltr'><strong><em>ni</em></strong></span> <span class='ocrx_word' id='word_1_312' title='bbox 401 3443 491 3512; x_wconf 84' lang='lat' dir='ltr'><strong><em>fallor,</em></strong></span> <span class='ocrx_word' id='word_1_313' title='bbox 506 3461 595 3521; x_wconf 87' lang='lat' dir='ltr'><strong><em>aeque</em></strong></span> <span class='ocrx_word' id='word_1_314' title='bbox 614 3443 688 3501; x_wconf 91' lang='lat' dir='ltr'><strong><em>bene</em></strong></span> <span class='ocrx_word' id='word_1_315' title='bbox 701 3441 766 3500; x_wconf 87' lang='lat' dir='ltr'><strong><em>huic</em></strong></span> <span class='ocrx_word' id='word_1_316' title='bbox 780 3461 850 3499; x_wconf 86' lang='lat' dir='ltr'><strong><em>eon·</em></strong></span> <span class='ocrx_word' id='word_1_317' title='bbox 898 3448 1062 3521; x_wconf 73' lang='grc' dir='ltr'><strong><em>τρισκαίδεκα</em></strong></span> <span class='ocrx_word' id='word_1_318' title='bbox 1076 3465 1134 3504; x_wconf 87' lang='lat' dir='ltr'><strong><em>non</em></strong></span> <span class='ocrx_word' id='word_1_319' title='bbox 1151 3444 1278 3505; x_wconf 81' lang='lat' dir='ltr'><strong><em>librarius</em></strong></span> <span class='ocrx_word' id='word_1_320' title='bbox 1291 3445 1395 3506; x_wconf 80' lang='lat' dir='ltr'><strong><em>codicis</em></strong></span> <span class='ocrx_word' id='word_1_321' title='bbox 1407 3449 1445 3506; x_wconf 84' lang='lat' dir='ltr'><strong><em>E.</em></strong></span> 
     </span>
     <span class='ocr_line' id='line_1_35' title="bbox 305 3522 1446 3603; baseline -0.001 -16"><span class='ocrx_word' id='word_1_322' title='bbox 305 3524 453 3588; x_wconf 85' lang='lat' dir='ltr'><strong><em>structioni</em></strong></span> <span class='ocrx_word' id='word_1_323' title='bbox 471 3522 604 3583; x_wconf 85' lang='lat' dir='ltr'><strong><em>convenit</em></strong></span> <span class='ocrx_word' id='word_1_324' title='bbox 625 3542 657 3581; x_wconf 86' lang='lat' dir='ltr'><strong><em>ao</em></strong></span> <span class='ocrx_word' id='word_1_325' title='bbox 678 3523 712 3580; x_wconf 83' lang='grc' dir='ltr'><strong><em>δέ.</em></strong></span> <span class='ocrx_word' id='word_1_326' title='bbox 745 3522 851 3580; x_wconf 85' lang='lat' dir='ltr'><strong><em>Confer</em></strong></span> <span class='ocrx_word' id='word_1_327' title='bbox 898 3525 950 3582; x_wconf 87' lang='lat' dir='ltr'><strong><em>sed</em></strong></span> <span class='ocrx_word' id='word_1_328' title='bbox 975 3524 1035 3603; x_wconf 83' lang='lat' dir='ltr'><strong><em>ipse</em></strong></span> <span class='ocrx_word' id='word_1_329' title='bbox 1057 3525 1188 3585; x_wconf 88' lang='lat' dir='ltr'><strong><em>Lascaris</em></strong></span> <span class='ocrx_word' id='word_1_330' title='bbox 1215 3525 1333 3603; x_wconf 80' lang='lat' dir='ltr'><strong><em>scripsit,</em></strong></span> <span class='ocrx_word' id='word_1_331' title='bbox 1358 3527 1446 3586; x_wconf 89' lang='lat' dir='ltr'><strong><em>modo</em></strong></span> 
     </span>
     <span class='ocr_line' id='line_1_36' title="bbox 305 3601 1451 3685; baseline -0.003 -18"><span class='ocrx_word' id='word_1_332' title='bbox 305 3630 330 3668; x_wconf 87' lang='lat' dir='ltr'><strong><em>v.</em></strong></span> <span class='ocrx_word' id='word_1_333' title='bbox 345 3608 414 3685; x_wconf 90' lang='grc'><strong><em>568.</em></strong></span> <span class='ocrx_word' id='word_1_334' title='bbox 436 3607 511 3666; x_wconf 82' lang='lat' dir='ltr'><strong><em>Eam</em></strong></span> <span class='ocrx_word' id='word_1_335' title='bbox 525 3603 609 3684; x_wconf 78' lang='lat' dir='ltr'><strong><em>igitur</em></strong></span> <span class='ocrx_word' id='word_1_336' title='bbox 622 3601 754 3685; x_wconf 80' lang='lat' dir='ltr'><strong><em>revocavi.</em></strong></span> <span class='ocrx_word' id='word_1_337' title='bbox 898 3603 959 3678; x_wconf 88' lang='lat' dir='ltr'><strong><em>ejus</em></strong></span> <span class='ocrx_word' id='word_1_338' title='bbox 977 3624 1063 3662; x_wconf 84' lang='lat' dir='ltr'><strong><em>manu</em></strong></span> <span class='ocrx_word' id='word_1_339' title='bbox 1081 3619 1223 3665; x_wconf 83' lang='lat' dir='ltr'><strong><em>exaratum</em></strong></span> <span class='ocrx_word' id='word_1_340' title='bbox 1246 3605 1284 3664; x_wconf 85' lang='lat' dir='ltr'><strong><em>sit</em></strong></span> <span class='ocrx_word' id='word_1_341' title='bbox 1303 3604 1451 3684; x_wconf 51' lang='lat' dir='ltr'><strong><em>epigram·¹</em></strong></span> 
     </span>
    </p>

    <p class='ocr_par' dir='ltr' id='par_1_10' title="bbox 301 3682 1445 4488">
     <span class='ocr_line' id='line_1_37' title="bbox 346 3682 1442 3764; baseline -0.001 -17"><span class='ocrx_word' id='word_1_342' title='bbox 346 3691 417 3747; x_wconf 79' lang='lat' dir='ltr'><strong><em>ibid.</em></strong></span> <span class='ocrx_word' id='word_1_343' title='bbox 437 3687 526 3746; x_wconf 84' lang='lat' dir='ltr'><strong><em>Aldus</em></strong></span> <span class='ocrx_word' id='word_1_344' title='bbox 539 3689 618 3753; x_wconf 77' lang='grc' dir='ltr'><strong><em>’δσίσις</em></strong></span> <span class='ocrx_word' id='word_1_345' title='bbox 626 3690 650 3741; x_wconf 85' lang='grc' dir='ltr'><strong><em>τ’</em></strong></span> <span class='ocrx_word' id='word_1_346' title='bbox 661 3687 765 3761; x_wconf 72' lang='grc' dir='ltr'><strong><em>ἐρυθρᾶς,</em></strong></span> <span class='ocrx_word' id='word_1_347' title='bbox 775 3691 803 3740; x_wconf 92' lang='lat' dir='ltr'><strong><em>et</em></strong></span> <span class='ocrx_word' id='word_1_348' title='bbox 812 3682 850 3740; x_wconf 84' lang='lat' dir='ltr'><strong><em>ad</em></strong></span> <span class='ocrx_word' id='word_1_349' title='bbox 899 3705 955 3754; x_wconf 85' lang='lat' dir='ltr'><strong><em>ma,</em></strong></span> <span class='ocrx_word' id='word_1_350' title='bbox 979 3685 1054 3763; x_wconf 90' lang='lat' dir='ltr'><strong><em>quod</em></strong></span> <span class='ocrx_word' id='word_1_351' title='bbox 1074 3684 1103 3744; x_wconf 91' lang='lat' dir='ltr'><strong><em>in</em></strong></span> <span class='ocrx_word' id='word_1_352' title='bbox 1127 3686 1210 3745; x_wconf 86' lang='lat' dir='ltr'><strong><em>initio</em></strong></span> <span class='ocrx_word' id='word_1_353' title='bbox 1233 3683 1297 3743; x_wconf 89' lang='lat' dir='ltr'><strong><em>libri</em></strong></span> <span class='ocrx_word' id='word_1_354' title='bbox 1321 3684 1442 3764; x_wconf 80' lang='lat' dir='ltr'><strong><em>legitur:</em></strong></span> 
     </span>
     <span class='ocr_line' id='line_1_38' title="bbox 303 3763 1445 3844; baseline -0.001 -17"><span class='ocrx_word' id='word_1_355' title='bbox 303 3771 406 3844; x_wconf 75' lang='grc' dir='ltr'><strong><em>Ηριὶαι</em></strong></span> <span class='ocrx_word' id='word_1_356' title='bbox 420 3770 526 3826; x_wconf 78' lang='lat' dir='ltr'><strong><em>rubros.</em></strong></span> <span class='ocrx_word' id='word_1_357' title='bbox 561 3768 606 3824; x_wconf 87' lang='lat' dir='ltr'><strong><em>Ita</em></strong></span> <span class='ocrx_word' id='word_1_358' title='bbox 620 3764 696 3824; x_wconf 90' lang='lat' dir='ltr'><strong><em>enim</em></strong></span> <span class='ocrx_word' id='word_1_359' title='bbox 709 3763 847 3841; x_wconf 80' lang='lat' dir='ltr'><strong><em>interpre-</em></strong></span> <span class='ocrx_word' id='word_1_360' title='bbox 874 3778 879 3787; x_wconf 74' lang='lat'><strong><em>‘</em></strong></span> <span class='ocrx_word' id='word_1_361' title='bbox 899 3767 939 3822; x_wconf 78' lang='grc' dir='ltr'><strong><em>Σεδ</em></strong></span> <span class='ocrx_word' id='word_1_362' title='bbox 952 3766 1016 3834; x_wconf 61' lang='lat' dir='ltr'><strong><em>etio,</em></strong></span> <span class='ocrx_word' id='word_1_363' title='bbox 1031 3769 1079 3825; x_wconf 76' lang='grc' dir='ltr'><strong><em>θεῖε</em></strong></span> <span class='ocrx_word' id='word_1_364' title='bbox 1092 3769 1259 3844; x_wconf 70' lang='grc' dir='ltr'><strong><em>Ῥθδιλφ’,,ιύκ</em></strong></span> <span class='ocrx_word' id='word_1_365' title='bbox 1273 3766 1377 3835; x_wconf 75' lang='grc' dir='ltr'><strong><em>εὐτελὲς,</em></strong></span> <span class='ocrx_word' id='word_1_366' title='bbox 1391 3765 1445 3842; x_wconf 73' lang='grc' dir='ltr'><strong><em>εἴγε</em></strong></span> 
     </span>
     <span class='ocr_line' id='line_1_39' title="bbox 303 3843 1444 3927; baseline -0.002 -21"><span class='ocrx_word' id='word_1_367' title='bbox 303 3859 380 3906; x_wconf 70' lang='lat' dir='ltr'><strong><em>tatur</em></strong></span> <span class='ocrx_word' id='word_1_368' title='bbox 402 3849 515 3905; x_wconf 71' lang='lat' dir='ltr'><strong><em>Portus</em></strong></span> <span class='ocrx_word' id='word_1_369' title='bbox 561 3846 660 3905; x_wconf 85' lang='lat' dir='ltr'>Paullo</span> <span class='ocrx_word' id='word_1_370' title='bbox 689 3843 849 3903; x_wconf 78' lang='lat' dir='ltr'><strong><em>mendosius</em></strong></span> <span class='ocrx_word' id='word_1_371' title='bbox 897 3848 1010 3916; x_wconf 81' lang='grc' dir='ltr'><strong><em>πιθεινθν,</em></strong></span> <span class='ocrx_word' id='word_1_372' title='bbox 1029 3843 1035 3927; x_wconf 78' lang='grc' dir='ltr'>Ι</span> <span class='ocrx_word' id='word_1_373' title='bbox 1052 3853 1106 3904; x_wconf 81' lang='grc' dir='ltr'><strong><em>ἀντ’</em></strong></span> <span class='ocrx_word' id='word_1_374' title='bbox 1116 3849 1249 3923; x_wconf 64' lang='grc' dir='ltr'><strong><em>εὐεργεσίης</em></strong></span> <span class='ocrx_word' id='word_1_375' title='bbox 1259 3849 1387 3924; x_wconf 80' lang='grc' dir='ltr'><strong><em>Λάσκαρις</em></strong></span> <span class='ocrx_word' id='word_1_376' title='bbox 1396 3853 1444 3904; x_wconf 70' lang='grc' dir='ltr'><strong><em>ἄν·</em></strong></span> 
     </span>
     <span class='ocr_line' id='line_1_40' title="bbox 303 3924 1444 4002; baseline 0 -16"><span class='ocrx_word' id='word_1_377' title='bbox 303 3926 363 3986; x_wconf 85' lang='lat' dir='ltr'><strong><em>Psi.</em></strong></span> <span class='ocrx_word' id='word_1_378' title='bbox 377 3929 449 3992; x_wconf 62' lang='lat' dir='ltr'><strong><em>inias</em></strong></span> <span class='ocrx_word' id='word_1_379' title='bbox 461 3931 484 3981; x_wconf 85' lang='grc' dir='ltr'><strong><em>τ’</em></strong></span> <span class='ocrx_word' id='word_1_380' title='bbox 498 3929 603 4002; x_wconf 71' lang='grc' dir='ltr'><strong><em>ἐρυθρᾶς.</em></strong></span> <span class='ocrx_word' id='word_1_381' title='bbox 636 3924 743 3984; x_wconf 80' lang='lat' dir='ltr'><strong><em>Melius</em></strong></span> <span class='ocrx_word' id='word_1_382' title='bbox 762 3925 848 3982; x_wconf 79' lang='lat' dir='ltr'><strong><em>Laut.</em></strong></span> <span class='ocrx_word' id='word_1_383' title='bbox 898 3930 1002 3984; x_wconf 81' lang='grc' dir='ltr'><strong><em>τθδεσιν.</em></strong></span> <span class='ocrx_word' id='word_1_384' title='bbox 1046 3928 1154 3984; x_wconf 84' lang='lat' dir='ltr'><strong><em>Eadem</em></strong></span> <span class='ocrx_word' id='word_1_385' title='bbox 1176 3945 1277 3984; x_wconf 80' lang='lat' dir='ltr'><strong><em>manus</em></strong></span> <span class='ocrx_word' id='word_1_386' title='bbox 1298 3924 1330 3984; x_wconf 87' lang='lat' dir='ltr'><strong><em>in</em></strong></span> <span class='ocrx_word' id='word_1_387' title='bbox 1354 3927 1444 3986; x_wconf 81' lang='lat' dir='ltr'><strong><em>altero</em></strong></span> 
     </span>
     <span class='ocr_line' id='line_1_41' title="bbox 303 4004 1444 4081; baseline 0.002 -15"><span class='ocrx_word' id='word_1_388' title='bbox 303 4009 375 4072; x_wconf 76' lang='grc' dir='ltr'><strong><em>δσθεις</em></strong></span> <span class='ocrx_word' id='word_1_389' title='bbox 387 4010 410 4061; x_wconf 80' lang='grc' dir='ltr'><strong><em>τ’</em></strong></span> <span class='ocrx_word' id='word_1_390' title='bbox 425 4007 521 4081; x_wconf 72' lang='grc' dir='ltr'><strong><em>ἐρυθρᾶς</em></strong></span> <span class='ocrx_word' id='word_1_391' title='bbox 532 4008 563 4063; x_wconf 82' lang='grc' dir='ltr'><strong><em>θ’.</em></strong></span> <span class='ocrx_word' id='word_1_392' title='bbox 597 4005 850 4072; x_wconf 72' lang='grc' dir='ltr'><strong><em>ΒιιιηεείυεὛσίσις</em></strong></span> <span class='ocrx_word' id='word_1_393' title='bbox 898 4005 1040 4064; x_wconf 87' lang='lat' dir='ltr'><strong><em>volumine</em></strong></span> <span class='ocrx_word' id='word_1_394' title='bbox 1052 4004 1177 4080; x_wconf 87' lang='lat' dir='ltr'><strong><em>ejusdem</em></strong></span> <span class='ocrx_word' id='word_1_395' title='bbox 1197 4005 1303 4065; x_wconf 85' lang='lat' dir='ltr'><strong><em>codicis</em></strong></span> <span class='ocrx_word' id='word_1_396' title='bbox 1323 4008 1359 4066; x_wconf 89' lang='lat' dir='ltr'><strong><em>E.</em></strong></span> <span class='ocrx_word' id='word_1_397' title='bbox 1373 4010 1444 4068; x_wconf 82' lang='lat' dir='ltr'><strong><em>haee</em></strong></span> 
     </span>
     <span class='ocr_line' id='line_1_42' title="bbox 303 4083 1442 4165; baseline 0 -19"><span class='ocrx_word' id='word_1_398' title='bbox 303 4093 326 4146; x_wconf 83' lang='grc' dir='ltr'><strong><em>τ’</em></strong></span> <span class='ocrx_word' id='word_1_399' title='bbox 340 4088 453 4164; x_wconf 72' lang='grc' dir='ltr'><strong><em>Ἔρνθράς</em></strong></span> <span class='ocrx_word' id='word_1_400' title='bbox 473 4087 504 4142; x_wconf 81' lang='grc' dir='ltr'><strong><em>θ’.</em></strong></span> <span class='ocrx_word' id='word_1_401' title='bbox 540 4083 587 4144; x_wconf 84' lang='lat' dir='ltr'><strong><em>lta</em></strong></span> <span class='ocrx_word' id='word_1_402' title='bbox 605 4085 756 4165; x_wconf 78' lang='lat' dir='ltr'><strong><em>legendum</em></strong></span> <span class='ocrx_word' id='word_1_403' title='bbox 772 4089 849 4163; x_wconf 82' lang='lat' dir='ltr'><strong><em>jam·</em></strong></span> <span class='ocrx_word' id='word_1_404' title='bbox 898 4084 1025 4163; x_wconf 81' lang='lat' dir='ltr'><strong><em>scripsit:</em></strong></span> <span class='ocrx_word' id='word_1_405' title='bbox 1047 4084 1139 4143; x_wconf 76' lang='grc' dir='ltr'><strong><em>Ἰστέιν</em></strong></span> <span class='ocrx_word' id='word_1_406' title='bbox 1157 4085 1196 4143; x_wconf 72' lang='lat' dir='ltr'><strong><em>in</em></strong></span> <span class='ocrx_word' id='word_1_407' title='bbox 1208 4087 1237 4144; x_wconf 75' lang='lat' dir='ltr'><strong><em>ei</em></strong></span> <span class='ocrx_word' id='word_1_408' title='bbox 1250 4091 1334 4164; x_wconf 70' lang='grc' dir='ltr'><strong><em>δρᾶμα</em></strong></span> <span class='ocrx_word' id='word_1_409' title='bbox 1347 4089 1374 4146; x_wconf 73' lang='lat' dir='ltr'><strong><em>ni</em></strong></span> <span class='ocrx_word' id='word_1_410' title='bbox 1387 4095 1442 4146; x_wconf 73' lang='grc' dir='ltr'><strong><em>ἔπι-</em></strong></span> 
     </span>
     <span class='ocr_line' id='line_1_43' title="bbox 303 4161 1444 4248; baseline 0.002 -22"><span class='ocrx_word' id='word_1_411' title='bbox 303 4165 411 4248; x_wconf 87' lang='lat' dir='ltr'><strong><em>pridem</em></strong></span> <span class='ocrx_word' id='word_1_412' title='bbox 433 4162 539 4222; x_wconf 82' lang='lat' dir='ltr'><strong><em>viderat</em></strong></span> <span class='ocrx_word' id='word_1_413' title='bbox 559 4165 713 4235; x_wconf 83' lang='lat' dir='ltr'><strong><em>Brodaens,</em></strong></span> <span class='ocrx_word' id='word_1_414' title='bbox 733 4184 749 4223; x_wconf 88' lang='lat' dir='ltr'><strong><em>e</em></strong></span> <span class='ocrx_word' id='word_1_415' title='bbox 768 4161 849 4237; x_wconf 86' lang='lat' dir='ltr'><strong><em>eujus</em></strong></span> <span class='ocrx_word' id='word_1_416' title='bbox 896 4165 1047 4242; x_wconf 69' lang='grc' dir='ltr'><strong><em>γραφόμενον</em></strong></span> <span class='ocrx_word' id='word_1_417' title='bbox 1073 4166 1088 4235; x_wconf 74' lang='grc' dir='ltr'><strong>ἦ</strong></span> <span class='ocrx_word' id='word_1_418' title='bbox 1114 4166 1242 4244; x_wconf 73' lang='grc' dir='ltr'><strong><em>Ἠλέκτρα</em></strong></span> <span class='ocrx_word' id='word_1_419' title='bbox 1267 4174 1307 4225; x_wconf 77' lang='lat' dir='ltr'><strong><em>dn</em></strong></span> <span class='ocrx_word' id='word_1_420' title='bbox 1330 4167 1444 4236; x_wconf 74' lang='grc' dir='ltr'><strong><em>ἐξέδωκεν</em></strong></span> 
     </span>
     <span class='ocr_line' id='line_1_44' title="bbox 303 4242 1441 4328; baseline 0.002 -22"><span class='ocrx_word' id='word_1_421' title='bbox 303 4267 378 4328; x_wconf 84' lang='lat' dir='ltr'><strong><em>penu</em></strong></span> <span class='ocrx_word' id='word_1_422' title='bbox 392 4242 516 4312; x_wconf 82' lang='lat' dir='ltr'><strong><em>veniunt.</em></strong></span> <span class='ocrx_word' id='word_1_423' title='bbox 531 4264 602 4322; x_wconf 88' lang='lat' dir='ltr'><strong><em>quae</em></strong></span> <span class='ocrx_word' id='word_1_424' title='bbox 619 4244 655 4303; x_wconf 89' lang='lat' dir='ltr'><strong><em>de</em></strong></span> <span class='ocrx_word' id='word_1_425' title='bbox 675 4245 719 4304; x_wconf 91' lang='lat' dir='ltr'><strong><em>his</em></strong></span> <span class='ocrx_word' id='word_1_426' title='bbox 738 4243 848 4322; x_wconf 86' lang='lat' dir='ltr'><strong><em>oppidis</em></strong></span> <span class='ocrx_word' id='word_1_427' title='bbox 891 4242 988 4315; x_wconf 75' lang='grc' dir='ltr'><strong><em>Ἀλδις,</em></strong></span> <span class='ocrx_word' id='word_1_428' title='bbox 1003 4246 1051 4302; x_wconf 70' lang='grc' dir='ltr'><strong><em>ιῖσ·</em></strong></span> <span class='ocrx_word' id='word_1_429' title='bbox 1066 4245 1141 4314; x_wconf 72' lang='grc' dir='ltr'><strong>ἄλλος</strong></span> <span class='ocrx_word' id='word_1_430' title='bbox 1159 4250 1231 4316; x_wconf 74' lang='grc' dir='ltr'><strong><em>οὐδεὶς</em></strong></span> <span class='ocrx_word' id='word_1_431' title='bbox 1249 4243 1321 4322; x_wconf 67' lang='grc' dir='ltr'><strong><em>οἶμαι</em></strong></span> <span class='ocrx_word' id='word_1_432' title='bbox 1330 4276 1376 4308; x_wconf 83' lang='grc' dir='ltr'><strong><em>σει.</em></strong></span> <span class='ocrx_word' id='word_1_433' title='bbox 1397 4255 1441 4322; x_wconf 70' lang='grc' dir='ltr'><strong><em>ζη-</em></strong></span> 
     </span>
     <span class='ocr_line' id='line_1_45' title="bbox 302 4323 1443 4406; baseline 0.002 -20"><span class='ocrx_word' id='word_1_434' title='bbox 302 4325 371 4387; x_wconf 84' lang='lat' dir='ltr'><strong><em>dixit</em></strong></span> <span class='ocrx_word' id='word_1_435' title='bbox 396 4323 558 4386; x_wconf 82' lang='lat' dir='ltr'><strong><em>Barnesius.</em></strong></span> <span class='ocrx_word' id='word_1_436' title='bbox 599 4325 693 4384; x_wconf 86' lang='lat' dir='ltr'><strong><em>Instar</em></strong></span> <span class='ocrx_word' id='word_1_437' title='bbox 719 4323 847 4383; x_wconf 87' lang='lat' dir='ltr'><strong><em>omnium</em></strong></span> <span class='ocrx_word' id='word_1_438' title='bbox 896 4325 981 4396; x_wconf 76' lang='grc' dir='ltr'><strong><em>τητέιν</em></strong></span> <span class='ocrx_word' id='word_1_439' title='bbox 1000 4325 1026 4384; x_wconf 82' lang='grc' dir='ltr'><strong><em>δὲ</em></strong></span> <span class='ocrx_word' id='word_1_440' title='bbox 1046 4325 1071 4385; x_wconf 73' lang='grc' dir='ltr'><strong><em>εἴ</em></strong></span> <span class='ocrx_word' id='word_1_441' title='bbox 1087 4333 1156 4386; x_wconf 77' lang='grc' dir='ltr'><strong><em>ἐστιν</em></strong></span> <span class='ocrx_word' id='word_1_442' title='bbox 1175 4332 1312 4406; x_wconf 64' lang='lat' dir='ltr'><strong><em>sipontin,</em></strong></span> <span class='ocrx_word' id='word_1_443' title='bbox 1325 4333 1369 4389; x_wconf 76' lang='lat' dir='ltr'><strong><em>noi</em></strong></span> <span class='ocrx_word' id='word_1_444' title='bbox 1382 4334 1443 4397; x_wconf 75' lang='grc' dir='ltr'><strong><em>τίνες</em></strong></span> 
     </span>
     <span class='ocr_line' id='line_1_46' title="bbox 301 4401 1445 4488; baseline 0.001 -21"><span class='ocrx_word' id='word_1_445' title='bbox 301 4404 355 4468; x_wconf 85' lang='lat' dir='ltr'><strong><em>erit</em></strong></span> <span class='ocrx_word' id='word_1_446' title='bbox 366 4401 518 4466; x_wconf 75' lang='lat' dir='ltr'><strong><em>Pausanias</em></strong></span> <span class='ocrx_word' id='word_1_447' title='bbox 531 4405 585 4466; x_wconf 83' lang='grc' dir='ltr'><strong><em>ῙΧ.</em></strong></span> <span class='ocrx_word' id='word_1_448' title='bbox 600 4423 625 4466; x_wconf 83' lang='lat' dir='ltr'><strong><em>c·</em></strong></span> <span class='ocrx_word' id='word_1_449' title='bbox 640 4422 666 4464; x_wconf 81' lang='lat'><strong><em>2.</em></strong></span> <span class='ocrx_word' id='word_1_450' title='bbox 681 4418 788 4482; x_wconf 83' lang='lat' dir='ltr'>P·7¹4·</span> <span class='ocrx_word' id='word_1_451' title='bbox 803 4409 848 4480; x_wconf 72' lang='grc' dir='ltr'><strong><em>γ’ἠς</em></strong></span> <span class='ocrx_word' id='word_1_452' title='bbox 896 4409 962 4467; x_wconf 70' lang='grc' dir='ltr'><strong><em>ἐσσί.</em></strong></span> <span class='ocrx_word' id='word_1_453' title='bbox 981 4407 1445 4488; x_wconf 68' lang='grc' dir='ltr'><strong><em>σε’ταιιταιδθπέριπινέντιιθητῇ</em></strong></span> 
     </span>
    </p>
   </div>
   <div class='ocr_carea' id='block_1_8' title="bbox 474 4614 1199 5050">
    <p class='ocr_par' dir='ltr' id='par_1_11' title="bbox 474 4614 1233 5050">
     <span class='ocr_line' id='line_1_47' title="bbox 474 4614 1199 5050; baseline 0.003 -2"><span class='ocrx_word' id='word_1_454' title='bbox 474 4784 692 5048; x_wconf 66' lang='grc' dir='ltr'><strong><em>ι)</em></strong></span> <span class='ocrx_word' id='word_1_455' title='bbox 777 4614 1233 5050; x_wconf 52' lang='lat' dir='ltr'><strong><em>fr</em></strong></span> 
     </span>
    </p>
   </div>
   <div class='ocr_carea' id='block_1_9' title="bbox 0 0 1614 5102">
    <p class='ocr_par' dir='ltr' id='par_1_12' title="bbox 0 0 1614 5102">
     <span class='ocr_line' id='line_1_48' title="bbox 0 0 1614 5102; baseline 0 2"><span class='ocrx_word' id='word_1_456' title='bbox 0 0 1614 5102; x_wconf 95' lang='lat' dir='ltr'><strong><em> </em></strong></span> 
     </span>
    </p>
   </div>
  </div>
 </body>
</html>
