3194 5102
579 217 877 296 PRAEFATIO.
1276 233 1296 303 7

149 403 288 476 Aldina
304 402 461 476 editione
478 401 645 500 explevit.
687 400 801 495 Cujus
822 399 1033 497 scripturam
1050 422 1094 469 ea
1110 395 1297 495 diligentia

150 514 315 588 imitatus
331 524 397 602 est,
413 524 455 585 ut
474 515 536 612 ’ρᾶν
558 538 624 612 pro
645 517 711 611 ὁρᾶν
726 539 760 586 v.
779 522 884 602 1173.
902 524 1110 606 ceterosque
1125 520 1295 608 typogra-

150 630 220 729 phi
237 655 369 702 errores
387 629 582 702 retinuerit.

161 785 165 794 ·
203 743 315 816 PAR.
339 743 385 814 E.
429 742 642 820 Parisiensis
668 742 918 816 Bibliothecae
947 739 1084 837 Regiae
1121 748 1217 828 2887
1222 737 1247 809 5¹
1275 765 1295 810 a

149 853 366 952 Musgravio
390 853 552 944 collatus,
569 865 693 952 postea
708 880 792 926 vero
814 855 852 925 in
874 851 1028 925 Bacchis
1051 850 1249 925 accuratius
1275 879 1296 923 a

146 963 369 1037 Brunckioe.
418 962 545 1036 Nitide
570 963 631 1037 sed
654 991 727 1037 non
745 971 907 1038 accurate
932 965 1083 1063 scriptus
1106 977 1171 1055 est,
1187 965 1295 1063 longe

145 1087 275 1151 tamen
301 1077 498 1150 accuratius
515 1077 758 1151 Laurentiano
774 1078 824 1150 D.
874 1079 979 1152 Licet
1006 1107 1026 1152 e
1052 1080 1295 1153 Laurentiano

145 1189 196 1262 Ο.
214 1203 278 1262 aut
294 1189 491 1289 descriptus
509 1203 571 1263 aut
596 1191 723 1263 saltem
740 1189 917 1264 derivatus
943 1192 999 1282 sit,
1016 1191 1179 1265 librarius
1197 1191 1294 1264 haud

147 1327 271 1401 pauca
291 1328 338 1374 ex
361 1301 572 1374 oscitatione
598 1302 764 1392 mutavit,
790 1303 963 1375 nonnulla
988 1329 1143 1400 quoque,
1165 1302 1203 1374 ni
1229 1303 1296 1392 fal,-

149 1419 220 1510 lor,
238 1445 303 1491 suo
313 1417 452 1512 judicio
468 1415 578 1490 ususf.

193 1647 208 1686 ‘¹
228 1650 299 1708 Tres
319 1648 402 1724 hujus
422 1648 607 1708 bibliothecae
622 1647 700 1707 codi-
749 1647 892 1727 Euripidis
918 1648 1073 1708 editionem
1102 1651 1294 1709 adornandam

150 1748 203 1788 ces
221 1730 307 1788 2886.
322 1731 408 1806 2887.
425 1730 511 1788 2888.
525 1730 623 1788 eadem
638 1748 699 1786 ma·
750 1729 925 1806 suscepisset.
974 1731 1044 1788 Non
1071 1729 1204 1788 Aldinarn
1232 1730 1293 1788 edi·

150 1829 195 1866 nu
215 1808 311 1886 scripti
329 1829 381 1887 pro
403 1829 461 1867 uno
480 1809 577 1867 codice
595 1808 624 1866 in
644 1820 700 1866 tres
750 1809 956 1884 tionem,'quae
974 1821 1042 1867 tunc
1056 1809 1190 1888 temporis
1204 1826 1296 1888 neque
1366 1853 1369 1858 ,

149 1901 250 1966 partes
274 1887 360 1946 diviso
384 1889 505 1948 habendi
524 1901 599 1946 sunt.
640 1889 699 1944 Ex·
750 1905 811 1945 rara
831 1900 899 1954 erat,
920 1901 950 1944 et
971 1889 1047 1964 parvi
1068 1891 1225 1957 constabat,
1245 1887 1295 1946 sed

151 1979 235 2026 stant
252 1967 282 2026 in
296 1987 330 2027 eo
344 1988 443 2027 omnes
457 1970 629 2025 Graecorum
644 1979 700 2024 tra-
750 1969 944 2026 Genevensem
958 1965 1038 2022 Pauli
1059 1966 1195 2042 Stephani
1213 1987 1295 2024 meu·

149 2047 284 2128 gicorum
297 2048 409 2104 fabulae
427 2046 510 2103 hodie
530 2043 700 2120 superstites,
750 2045 794 2100 dis
828 2043 1033 2121 typographicis
1064 2045 1194 2102 refertam
1229 2065 1294 2104 cum
1366 2093 1370 2098 .

149 2127 267 2205 praeter
299 2123 430 2202 Aeschyli
457 2126 700 2200 Agamemnonem
749 2123 836 2180 MSS.
857 2121 986 2179 contulit.
1020 2123 1204 2192 Accentuum‚
1224 2144 1295 2201 quos

149 2219 184 2265 et
199 2206 393 2282 Choephoroa
414 2201 563 2280 Sophoclis
574 2200 700 2275 Ajacem,
750 2201 799 2278 qui
811 2200 971 2280 neglexerit,
986 2221 1071 2260 nemo
1092 2223 1216 2280 unquam
1234 2223 1294 2262 reru

148 2287 299 2347 Electram
317 2295 346 2342 et
365 2282 505 2360 Oedipum
526 2284 700 2360 Tyrannum,
750 2285 823 2340 bene
843 2280 938 2360 gessit,
953 2281 1060 2340 nullam
1074 2283 1192 2342 omniuo
1205 2284 1294 2343 ratio·

150 2361 301 2440 Euripidis
324 2362 460 2420 Troadas.
506 2360 701 2420 ABrunclrio
751 2382 816 2420 nem
837 2360 944 2419 habuit.
985 2363 1071 2422 Unde
1084 2362 1114 2419 iu
1128 2383 1234 2422 errores
1248 2363 1293 2423 iu·
1340 2422 1342 2429 ,

150 2445 187 2501 in
202 2442 351 2520 Sophoclis
363 2441 488 2500 editione
499 2441 617 2499 omnino
631 2461 701 2519 neg·
751 2441 826 2508 cidit,
838 2461 958 2518 quorum
969 2463 1057 2502 unum
1068 2442 1222 2502 indicatum
1232 2444 1295 2504 vide

151 2525 262 2582 lectum
277 2523 351 2580 bunc
367 2522 492 2580 codicem
507 2521 602 2580 miror.
634 2520 702 2579 Fuit
751 2522 907 2598 adv.107.

153 2602 225 2661 olim
244 2601 357 2660 Nicolai
377 2601 512 2680 Ridolphi
537 2600 701 2668 Cardinalis,
791 2601 802 2638 f
815 2600 934 2680 Scripsit
946 2620 972 2658 v.
984 2621 1008 2660 c.
1023 2607 1153 2661 τάντεῦθεν
1166 2624 1219 2681 pro
1231 2610 1294 2661 τάν-

154 2681 264 2750 Leonis
284 2685 323 2742 X.
345 2683 378 2740 P.
394 2683 430 2740 R.
452 2680 553 2740 sororis
574 2680 632 2748 filii,
656 2679 701 2738 cui
751 2682 814 2739 θένδε
827 2700 854 2738 v.
864 2697 913 2755 49.
927 2687 976 2746 τοῖς
995 2689 1071 2757 χοροῖς
1089 2702 1140 2759 pro
1157 2685 1202 2740 καί
1221 2691 1297 2759 χοροῖς

153 2764 233 2822 douo
247 2763 343 2820 datum
358 2782 375 2820 a
387 2765 406 2819 J
408 2781 463 2820 ano
474 2759 589 2819 Lascari
603 2772 700 2818 osteu-
750 2781 774 2818 v.
790 2761 856 2834 148.
870 2759 968 2833 dabam
982 2759 1011 2817 ob
1030 2780 1082 2837 pro
1096 2761 1194 2836 ἔκδημος
1207 2760 1238 2818 έν
1249 2763 1296 2834 μὲν

153 2842 199 2900 dit
223 2843 404 2920 epigramma,
426 2842 500 2918 quod
526 2841 554 2897 in
580 2851 699 2898 annota-
750 2861 775 2898 v.
790 2857 856 2916 215.
870 2835 897 2908 ἦν
908 2837 971 2904 citra
984 2859 1035 2917 pro
1049 2838 1104 2896 ἔστ’
1114 2839 1176 2904 ἄξια
1188 2861 1214 2897 v.
1228 2841 1295 2914 246.

155 2921 235 2980 tione
249 2941 312 2980 mea
331 2921 367 2978 ad
386 2943 410 2979 v.
427 2935 494 2995 754.
516 2921 608 2998 legere
625 2917 700 2976 licet.
750 2923 841 2995 ἐρράφρ
858 2937 910 2995 pro
928 2923 1044 2994 ἐνερράφη
1059 2939 1083 2974 v.
1098 2919 1164 2976 286.
1180 2920 1225 2985 διὸς
1244 2939 1296 2996 pro
1354 2931 1356 2938 ‘

155 3001 297 3062 Quisnam
310 3001 394 3058 fiterit
410 3001 459 3057 ille
472 2999 641 3076 Ridolphus‚
656 2997 701 3055 cui
749 3000 817 3073 τυρὸς
835 3017 861 3054 v.
879 2997 944 3053 288.
964 2995 1043 3053 οὔποτ’
1056 3017 1109 3074 pro
1121 2999 1170 3054 οὔτ’
1183 3018 1209 3056 v.
1225 3014 1295 3074 327.

154 3094 216 3138 tam
237 3081 408 3158 praeclarum
433 3079 559 3137 oblatum
583 3077 699 3142 donum,
750 3081 797 3132 ταν
809 3079 899 3152 βροτῶν
914 3080 1116 3153 prostreperet
1130 3097 1154 3136 v.
1168 3097 1236 3154 392.
1251 3081 1295 3138 λέ-

155 3159 286 3237 ignorare
309 3177 339 3215 se
362 3159 466 3214 fatetur
489 3155 648 3213 Brunclrius
672 3153 701 3210 in
750 3153 788 3221 ξαν
807 3175 858 3232 pro
878 3180 919 3228 μοι
939 3154 1007 3222 λέξον
1027 3177 1052 3214 v.
1067 3158 1136 3231 460.
1158 3160 1225 3234 λόγον
1244 3180 1296 3237 pro

156 3236 330 3316 praefatione
354 3237 389 3294 ad
412 3247 531 3311 quatuor
557 3233 702 3311 Euripidis
749 3235 813 3308 νέμοι
827 3255 852 3293 r.
865 3236 935 3310 484.
950 3239 1008 3312 εὕροι
1022 3257 1074 3315 pro
1087 3236 1172 3316 ἐξεύροι
1186 3258 1214 3297 ν.
1224 3239 1294 3314 488.

155 3315 328 3394 Tragoedias
348 3317 382 3372 A.
396 3317 435 3373 D.
457 3314 701 3374 MDCCLXXX.
750 3319 857 3373 ἐκάλεσε
877 3319 897 3372 δ’
917 3316 976 3374 εὔιον
995 3337 1047 3394 pro
1063 3322 1183 3376 ἐκάλεσεν
1195 3323 1255 3378 εὐίου
1269 3340 1294 3378 v.

155 3396 256 3456 editas.
278 3394 351 3452 Satis
362 3395 397 3452 de
411 3415 445 3452 eo
456 3395 562 3452 dictum
577 3393 606 3450 in
620 3413 701 3472 prae-
751 3408 819 3470 579.
832 3399 843 3452 t
857 3397 951 3467 βάκχος
974 3416 1025 3473 pro
1044 3401 1055 3453 ί
1075 3400 1170 3470 βάκχος
1182 3402 1253 3472 θῶμα
1267 3419 1292 3456 v.
1340 3449 1342 3454 .

155 3475 263 3535 satione
290 3475 325 3532 ad
355 3475 521 3552 catalogum
549 3473 699 3532 Librorum
750 3475 859 3549 623.rr‘
867 3481 921 3532 τοτ’
932 3473 962 3531 ἂν
975 3496 1026 3552 pro
1037 3479 1066 3532 τί
1075 3483 1127 3532 τοτ’
1139 3476 1178 3552 ἄρ’
1187 3497 1212 3535 v.
1223 3479 1292 3554 639.
1380 3475 1390 3486 “

155 3559 361 3633 Impressorum
382 3553 576 3613 Bibliothecae
592 3553 700 3632 Regiae
747 3558 876 3631 τροτίττοος
888 3574 940 3631 pro
951 3559 1074 3629 προνοίτιος
1092 3574 1118 3613 v.
1133 3557 1201 3628 644.
1221 3559 1294 3631 Myon

154 3633 321 3699 Parisiensis
335 3655 363 3712 p.
378 3634 433 3692 xix.
748 3654 800 3710 pro
818 3633 888 3707 atyn
906 3653 931 3690 v.
946 3635 1015 3690 668.
1030 3633 1092 3708 εένρον
1113 3654 1164 3710 pro
1184 3633 1248 3691 εὗδον
1267 3656 1293 3693 v.
1322 3666 1324 3670 ·

197 3725 209 3753 ⁸
232 3715 370 3772 Codicum
391 3712 589 3772 Parisiensium
612 3713 699 3770 colla·
748 3713 817 3770 682.
832 3716 916 3768 ἐλύετο
933 3731 985 3789 pro
998 3711 1099 3768 ἐλέλυτο
1111 3731 1137 3768 v.
1152 3711 1220 3787 696.
1235 3721 1291 3770 τοῢ-

155 3795 206 3862 tio‚
235 3813 306 3872 quae
339 3814 404 3853 cum
439 3792 499 3850 aliis
533 3791 699 3869 quibusdam
748 3816 788 3848 τον
808 3810 859 3868 pro
880 3792 921 3846 τίν
943 3797 982 3847 νῦν
1005 3810 1031 3847 v.
1046 3803 1116 3864 711.
1137 3797 1218 3862 τλάνρ
1240 3813 1292 3870 pro

154 3873 309 3952 Musgravii
328 3873 438 3952 scriptis
451 3870 619 3943 Academiae
637 3872 697 3927 Ox-
747 3875 840 3940 τλοίνρς
860 3889 884 3926 v.
906 3870 972 3946 716.
993 3873 1013 3926 δ’
1033 3875 1066 3935 είς
1084 3871 1155 3947 κέρας
1173 3893 1225 3949 pro
1245 3880 1294 3940 κείς

156 3953 281 4013 oniensis
299 3973 361 4011 aere
374 3951 506 4011 redemtis
519 3950 549 4008 in
563 3949 699 4008 tabulario
747 3949 820 4025 κέρνος
833 3968 857 4005 v.
874 3962 941 4023 742.
976 3949 1140 4008 Parisiensis
1152 3952 1224 4010 alter
1234 3955 1292 4029 ’βρο-

154 4033 351 4112 'l'ypographei
370 4029 587 4092 clarendoniani
607 4049 699 4088 serva·
747 4036 797 4095 τοῖς
819 4048 871 4105 pro
895 4033 986 4098 θνητοῖς
1009 4050 1033 4087 v.
1052 4048 1101 4104 42.
1125 4035 1215 4090 ταέτεν
1239 4051 1290 4110 pro

156 4125 210 4182 tur,
225 4113 349 4171 ostendit
363 4133 427 4172 eum
448 4131 507 4168 non
528 4110 613 4168 talem
635 4109 698 4168 dili·
747 4113 858 4166 τανύειν.
875 4110 942 4167 280.
962 4111 1066 4186 λίρχοονς
1084 4131 1136 4187 pro
1155 4112 1245 4186 λίγχρς
1265 4131 1290 4172 v.

153 4189 280 4272 gentiam
314 4191 379 4251 huic
413 4190 502 4249 labori
528 4189 697 4268 adhibuisse,
748 4207 817 4263 304.
839 4193 946 4246 νεανίδαν
966 4209 1017 4268 pro
1038 4194 1159 4267 οὐρανίδαι
1179 4211 1205 4246 v.
1221 4209 1289 4267 392.

157 4273 266 4348 qualem
277 4292 347 4346 ,eum
360 4274 518 4351 oportebat,
534 4270 697 4348 quinorum
747 4273 831 4327 εὐαίων
843 4288 895 4346 pro
906 4273 1008 4328 εὐαίωνα
1021 4291 1046 4328 ν.
1058 4271 1126 4344 426.
1137 4270 1226 4328 τενθέα
1239 4291 1290 4350 pro

792 4366 846 4422 *4
