3226 5104
290 251 364 314 148

570 246 872 313 ΕΥΡΙΠΙΔΟΥ
908 245 1125 311 Β-ΑΚΧΑΙ.

394 437 432 507 ai
452 422 485 506 δ’
505 425 688 534 ἦλοίλοοζον.
720 427 810 535 ἔφερε
828 421 861 505 d’
882 432 900 521 ἦ
917 425 977 534 μὲν
996 422 1119 518 ὧλένην,

396 551 467 648 id'
487 554 577 651 ἴχνος
596 557 718 638 αὐτοῖς
735 551 917 661 ἀρβύλανς.
950 554 1145 658 ’γυμνοῦντο
1166 545 1202 630 di
1266 575 1424 638 ννομοῦιινν

285 823 501 896 πανδοςἈλκμῆνη
510 823 576 896 ’γένος
592 818 598 900 Ι
615 820 690 878 isaie
704 827 760 878 uarii
769 825 831 878 τοῦδ’

289 903 488 978 ὑπηγκονλνσμένη
505 899 510 982 Ι
529 906 609 973 seiger.
635 901 743 959 Eadem
755 901 831 958 enlm

291 983 446 1041 mutatione
460 980 676 1040 constructionis
690 992 756 1057 post
768 1001 832 1059 par-

290 1063 417 1140 ticipium
439 1065 578 1134 καλχαίνονν
603 1059 728 1136 sequitur
752 1063 832 1132 σόζεν,

291 1162 348 1219 quo
361 1153 426 1220 post
438 1146 561 1213 στενάζων
573 1139 753 1218 praeteritum
766 1143 832 1226 ibij

290 1235 326 1280 λα
340 1248 371 1279 ον.

325 1227 402 1360 gibid.
425 1301 486 1360 Pal.
506 1305 517 1358 i
538 1300 583 1374 μὲν
607 1303 756 1375 στνγνοζονν,
780 1299 835 1357 ἴσον

291 1387 413 1458 ἐτύγχανε
425 1382 498 1438 πνέον
515 1379 649 1458 (aprima
667 1400 753 1438 manu
772 1380 833 1438 πλέ-

293 1467 346 1538 ον).
368 1459 515 1520 Relsltlus:
528 1460 581 1517 ‘iam
591 1465 708 1535 ἐτνγχοον’
719 1461 832 1532 ἐμπνέων,

293 1545 422 1619 quamdiu
434 1543 559 1616 spiritum
574 1541 664 1598 adbuc
677 1541 784 1614 agebat.

217 1615 219 1623 λ
337 1641 422 1696 1131.
451 1620 556 1678 Aldus:
579 1621 680 1696 ἀνέφερε
701 1623 721 1676 δ’
743 1621 758 1688 ἦ
779 1619 834 1692 μὲν,

285 1704 387 1772 ἰὠλένην.
419 1699 479 1757 Pal.
492 1700 594 1775 ἀνέφερε
613 1700 662 1767 δ”ἢ
680 1699 726 1772 μὲν
745 1699 835 1768 tatur.

292 1779 417 1859 Duporti
434 1778 624 1852 conjecturam
638 1776 710 1854 ἔφερε
723 1797 740 1834 a
752 1779 834 1835 Mus·

282 1861 387 1942 rgravio
409 1861 555 1939 probatam
583 1857 697 1916 admisit
722 1859 834 1915 Brunc-

283 1943 362 2001 ‘kius
652 1965 656 1973 ·

338 2040 423 2096 1132.
439 2016 527 2092 Ἴχνος,
538 2020 643 2093 pedara.
674 2015 747 2074 Vide
766 2018 836 2075 Por-

290 2123 395 2161 sonum
415 2100 450 2157 ad
474 2101 547 2172 Hec.
568 2112 652 2172 1050.
687 2096 796 2164 Nostri,
818 2117 837 2153 a

282 2185 359 2259 fact,
374 2183 450 2238 strues
463 2182 518 2236 aad
532 2180 583 2236 all.¹

335 2264 404 2318 lota.
437 2259 481 2316 Cl.
502 2256 681 2336 Musgrnvius
701 2256 732 2313 in
755 2276 836 2334 prae·

291 2341 398 2400 satione
419 2340 454 2397 ad
475 2337 575 2395 Nostri
597 2337 786 2415 Hippolytum
801 2338 836 2394 ab

291 2421 355 2500 ipso
375 2437 465 2496 nuper
484 2417 601 2484 editum,
621 2436 654 2474 ex
673 2419 727 2474 hoc
748 2435 836 2482 versu,

293 2519 377 2578 quern
391 2517 500 2563 sanum,
516 2496 540 2552 si
553 2493 615 2571 quis
624 2493 707 2562 alius,
719 2506 749 2553 et
761 2494 836 2553 inte·

292 2599 374 2659 grum
389 2575 565 2656 pronunciat,
580 2573 687 2652 colligit
700 2593 836 2652 augmen-

292 2673 355 2718 tum
368 2651 508 2715 interdum
516 2653 598 2733 apud
610 2653 720 2712 Atticos
734 2653 836 2712 omitti.

291 2739 351 2798 Sed
374 2755 459 2815 quare
482 2742 622 2811 ἓγυμνοῦντο
650 2732 696 2791 hic
723 2732 837 2791 rescribi

293 2840 352 2878 non
379 2815 477 2896 possit,
506 2815 633 2892 profecto
660 2833 720 2871 non
746 2813 835 2871 video.

291 2899 428 2958 Vocalem
450 2907 525 2954 certe
546 2893 749 2952 indifferentem
771 2905 838 2951 ante

194 3001 201 3014 ·
293 3006 325 3054 pu
336 2976 437 3054 corripi
450 2993 534 3053 posse
547 2974 672 3052 locuples
678 2985 727 3032 est
740 2985 838 3031 auctor

291 3057 437 3117 Hesiodus
452 3053 524 3130 ”Epa
543 3080 568 3112 κ.
588 3059 690 3126 ‘Ham
707 3073 754 3111 20.
773 3055 789 3124 ἥ
809 3078 838 3110 τε

290 3144 341 3213 *γὰρ
354 3135 500 3208 &daunais
512 3158 555 3209 usp
568 3133 630 3206 ὅμως
642 3136 682 3190 ἐπὶ
692 3132 758 3209 ἔργον
771 3137 837 3206 byei-

290 3243 336 3294 prr.
365 3215 443 3271 ‘Vide
458 3213 550 3288 Clark.
565 3213 601 3268 ad
622 3211 741 3269 Homer.
756 3211 837 3269 Iliad.

290 3305 324 3354 s.
339 3315 370 3351 u.
387 3307 459 3368 ¹537.
491 3292 665 3347 Hasrarus.
704 3290 769 3352 ¹Qui
792 3290 838 3348 hic

293 3368 836 3450 tmuiumrescribi-volunt,Heathius,

882 819 1047 899 cornpuisse
1061 820 1229 896 quandoque
1241 821 1345 878 Paetus
1365 821 1425 899 epi-

882 919 940 968 cos,
950 900 1059 978 lyricos,
1070 899 1191 978 tragicos
1201 917 1313 976 quoque
1324 899 1353 957 in
1364 921 1425 959 me·

882 980 944 1038 licis
958 992 987 1039 et
1007 979 1172 1056 anapaestis,
1188 991 1220 1036 ut
1239 978 1267 1036 in
1289 979 1351 1058 ipsa
1372 982 1427 1038 hac

882 1061 977 1119 fabula
989 1081 1013 1117 v.
1027 1075 1073 1134 72.
1089 1078 1174 1117 nemo
1187 1058 1288 1135 estqui
1301 1059 1425 1137 ignoret:

884 1141 934 1199 sed
953 1137 1102 1217 postremis
1117 1139 1146 1196 id
1166 1136 1278 1196 licuisse
1292 1138 1322 1196 in
1336 1139 1426 1198 dialo-

883 1241 930 1300 go,
943 1239 991 1278 seu
1006 1219 1036 1276 in
1050 1217 1174 1286 senariis,
1185 1238 1229 1276 res
1243 1231 1286 1276 est
1299 1219 1427 1276 nondum

883 1301 1009 1379 probata,
1024 1315 1150 1376 quaeque
1171 1298 1334 1376 probabitur
1352 1319 1428 1356 nun-

884 1400 977 1458 quam.
1013 1379 1068 1436 Sed
1081 1399 1107 1436 v.
1122 1393 1207 1453 1055.
1225 1379 1339 1454 [1064]
1356 1377 1430 1436 nihil

884 1471 944 1520 erat
961 1478 1069 1526 causae,
1091 1477 1141 1516 cur
1163 1459 1252 1516 Poeta
1273 1458 1304 1516 in
1327 1467 1429 1516 κυκλοῦ-

883 1565 911 1597 το
925 1539 1069 1598 omitteret
1082 1550 1275 1617 augmentum.
1312 1537 1430 1616 Scripsit

883 1619 981 1699 procul
995 1618 1081 1676 dubio
1094 1625 1230 1687 ἐκυκλοῦτο,
1245 1618 1320 1694 quod
1334 1630 1363 1676 et
1383 1638 1428 1676 re-

883 1698 975 1777 posui.
1010 1699 1203 1755 Bnuucxrus.
1255 1697 1384 1782 Heathii
1399 1710 1430 1756 et

884 1777 989 1855 Toupll
1000 1776 1192 1851 conjecturam
1203 1783 1344 1853 ἐγνμνοῧντο
1355 1789 1432 1837 recte

885 1859 1027 1937 improbat
1036 1857 1203 1925 Brunckius,
1214 1857 1261 1934 qui
1272 1867 1367 1916 tamen
1378 1858 1431 1915 fal-

885 1939 960 2006 litur,
979 1957 1065 2016 quum
1086 1938 1183 2010 ὑμνήσω
1201 1957 1226 1994 ν.
1243 1953 1290 2012 72.
1307 1937 1430 2016 primam

886 2018 1024 2096 corripere
1041 2029 1148 2076 monet.
1188 2017 1290 2095 Neque
1311 2017 1431 2096 primam

886 2098 915 2156 in
929 2099 1108 2173 musinium<
1122 2093 1316 2174 similibusque
1330 2097 1433 2175 corripi

886 2197 969 2256 posse
983 2177 1110 2234 arbitror.
1143 2177 1199 2234 Sed
1212 2179 1247 2235 de
1261 2197 1294 2235 ea
1308 2197 1337 2235 re
1351 2178 1434 2255 plura

886 2257 962 2315 alius.
1003 2257 1153 2314 Piersonus
1177 2259 1252 2335 apud
1272 2257 1432 2315 Valckena-

886 2337 958 2395 rium
980 2348 1009 2394 et
1029 2338 1172 2393 Pomanus
1193 2338 1229 2394 ad
1253 2339 1325 2394 Hec.
1345 2356 1432 2411 1132.

885 2417 1038 2492 ’γυμνοῦσνδέ
1055 2413 1061 2495 Ι
1077 2419 1170 2493 amma
1181 2409 1345 2489 (Piersonus
1355 2430 1433 2475 πλευ-

886 2501 940 2574 ρὰς)
957 2504 1120 2572 unumpate.
1147 2498 1230 2559 Quod
1245 2517 1340 2556 verum
1354 2496 1433 2555 vide·

886 2588 940 2634 tur.
977 2577 1032 2634 Sed
1052 2575 1195 2654 Reisigins
1217 2577 1253 2636 ad
1266 2576 1432 2654 Aristopha-

886 2675 951 2713 nem
966 2677 994 2732 p.
1007 2657 1054 2730 83.
1071 2657 1182 2725 Credat,
1195 2656 1296 2733 inquit,
1308 2659 1433 2714 Judaeus

886 2738 995 2810 Apella.
1030 2735 1310 2813 Vulgatam‘scilioet
1330 2739 1433 2816 probat

886 2814 926 2873 vir
938 2813 1125 2873 doctissimus.
1160 2818 1265 2873 Dirum
1285 2821 1355 2874 enim
1372 2817 1431 2890 (in-

886 2892 960 2972 quit)
978 2903 1005 2952 et
1018 2898 1134 2952 imma'ne
1147 2905 1196 2966 est,
1214 2900 1330 2954 lacerari
1346 2917 1432 2954 mem·

888 2977 945 3032 lua.
979 2975 1061 3032 ldem
1079 2995 1107 3053 p.
1123 2991 1171 3052 79.
1207 2978 1279 3034 Mitti
1297 2997 1360 3034 aero
1373 2980 1432 3034 siu-

885 3057 954 3128 gula
967 3055 1031 3126 'ejus
1050 3059 1091 3112 rei
1112 3066 1248 3114 momenta
1269 3061 1433 3132 ponderanti

886 3138 927 3191 ita
946 3138 1083 3192 sustulisse
1103 3145 1278 3210 augmentum
1297 3141 1433 3206 vitentur,

886 3218 973 3272 -ubi
993 3235 1036 3272 res
1055 3235 1157 3290 magna
1171 3221 1304 3291 quaedam
1317 3226 1345 3274 et
1362 3237 1432 3292 gra·

886 3299 935 3362 ais,
950 3303 1001 3352 aut
1015 3297 1193 3365 admirabilis,
1207 3299 1334 3354 seinana
1348 3301 1434 3354 etiam

886 3376 1017 3432 vocabalo
1042 3377 1092 3431 illo
1115 3385 1285 3444 narraretur,
1308 3397 1377 3452 quae
1404 3387 1433 3434 et

293 3467 324 3513 et
336 3453 480 3529 :laToup
494 3449 528 3508 ad
545 3448 658 3507 Suidam
671 3450 696 3506 1.
710 3469 776 3528 pag.
789 3451 845 3531 88.
886 3457 958 3511 cocu
981 3458 1131 3512 intentione
1154 3465 1182 3513 et
1204 3466 1329 3532 gestuum
1356 3466 1432 3514 motu

295 3535 345 3610 [Τ.
357 3535 380 3591 l.
395 3554 424 3611 p.
439 3532 517 3606 117.]
534 3549 583 3587 cur
597 3528 684 3586 Attici
701 3529 837 3590 sermonis
887 3535 1043 3590 auditarum
1053 3537 1150 3593 animis
1162 3539 1354 3594 inculcaretur.
1376 3537 1433 3594 Di-

292 3614 407 3694 genium
417 3611 676 3670 frustrareclamare
686 3608 761 3686 passi
771 3621 838 3667 sunt
887 3631 994 3671 versam
1021 3613 1092 3671 viam
1117 3614 1145 3672 in
1167 3635 1258 3674 ressns
1285 3628 1328 3675 est
1355 3617 1433 3674 Her·

221 3734 223 3738 -
295 3695 417 3771 vv.756.
433 3708 518 3767 1073.
535 3690 616 3766 [766.
631 3691 728 3763 msa]
754 3690 837 3748 Mus·
887 3712 1008 3750 mannus
1021 3637 1433 3774 Elem.Dgoctr.Metr.p.5a.

293 3774 420 3854 gravium
440 3773 534 3840 laudo,
552 3770 628 3848 quod
648 3768 772 3828 ridiculis
792 3769 837 3828 his
889 3775 944 3830 Sed
960 3777 1104 3849 praeclare
1123 3778 1271 3833 observavit
1286 3777 1434 3846 Seidleras,

290 3853 450 3911 vcanonibus
470 3852 555 3910 fidem
576 3849 724 3928 abrogarit.
764 3850 838 3908 Vrde
887 3857 916 3910 ia
929 3857 1087 3912 annuorum
1100 3857 1308 3922 adustionibus,
1321 3865 1349 3911 et
1363 3877 1435 3930 quae

293 3930 835 4010 quuenotaviadAndrom.·955.[962]
888 3937 956 4009 epici
974 3939 1098 3992 carminis
1112 3939 1256 4008 quamdam
1276 3937 1433 3992 similitudi-

291 4025 324 4071 et
337 4012 372 4068 ad
382 4010 483 4067 Aesch.
498 4011 574 4066 Pers.
588 4027 656 4083 414.
675 4011 770 4085 [416.]
796 4011 839 4068 Ut
888 4033 949 4071 nera
963 4016 1089 4081 babeant,
1104 4015 1259 4090 etfortusse
1273 4016 1355 4070 etiam
1369 4017 1434 4073 aliis

291 4103 390 4151 autem
409 4089 438 4146 in
458 4088 512 4146 illis
533 4089 657 4146 versibus
674 4093 788 4160 ἐοίψοντο
810 4101 839 4149 et
889 4097 1046 4168 quibusdam
1071 4097 1099 4149 in
1125 4095 1297 4160 sermonibus,
1324 4096 1369 4168 qui
1395 4099 1435 4153 ad

295 4177 397 4247 ἐοῖγοοε
410 4179 531 4226 metrum
547 4168 661 4244 respuit,
675 4189 736 4226 non
750 4170 839 4248 magis
888 4175 957 4229 illud
979 4191 1064 4244 genus
1086 4173 1183 4247 referri
1205 4176 1319 4248 possint,
1344 4183 1377 4231 at
1403 4179 1434 4233 in

293 4252 395 4326 iuhoc
408 4255 547 4325 tyrannim
568 4247 717 4307 admittere
735 4261 838 4327 potest.
887 4254 1014 4326 grauibus
1044 4255 1189 4322 sententiis,
1224 4253 1372 4325 cujusmodi
1404 4257 1435 4314 in

296 4332 432 4402 Voculam
452 4331 567 4388 *brevem
592 4339 657 4386 ante
680 4328 774 4388 literas
795 4355 838 4404 μν,
890 4334 953 4388 lacis
973 4333 1036 4387 solis
1056 4334 1125 4390 istae
1144 4337 1283 4408 augmenti
1302 4337 1432 4410 neglecti-

295 4411 410 4469 lic'entia
425 4411 500 4468 intra
513 4428 578 4467 suos
591 4409 661 4465 fines·
674 4410 838 4477 coercenda,
890 4431 951 4469 ones
970 4413 1151 4486 reperiantur,
1172 4417 1271 4473 minari
1290 4413 1434 4472 smeritate
