3220 5102
468 268 773 336 ΕΥΡΙΠΙΔΟΥ
808 269 1028 337 BAKXAI.
1238 275 1311 339 133

279 445 332 526 clv
349 452 504 529 οὶνννοντον
521 453 567 535 ὡς
587 449 753 559 κρατήσων
771 452 850 558 βία.

281 568 452 676 ‘specimen
471 570 635 678 σώφρονα,
655 569 795 657 θάνατος
812 572 1082 696 οὶττροςίντόσνστοςο
1232 602 1313 651 1000

210 859 279 918 999.
299 842 406 902 Aldus:
429 845 470 902 τὸν
483 847 598 910 ἀνίκατον
611 841 643 912 a?
653 869 714 916 κρα-
766 844 895 902 nondum
909 843 1060 922 contigisse
1073 841 1170 922 fateor,
1184 875 1187 880 ·

168 921 250 990 τῆσννν
274 925 321 994 βίᾳ
338 919 343 1002 Ι
361 927 461 998 patinea
486 922 607 1000 σνίῲρννα.
655 924 714 982 Pul.
810 943 896 981 1000.
927 924 1033 982 Aldus:
1064 927 1163 998 γνώμαν
1188 925 1308 1000 σοίφρονσι,

167 1004 217 1057 τὰν
229 1005 343 1064 ἀνίκατον
360 1028 384 1058 κ.
399 1027 424 1059 τ.
440 1008 461 1060 ἔ.
502 1003 662 1062 Brunckius
682 1023 716 1061 ex
765 1006 869 1069 θάνατος
887 1007 1081 1080 ἀτρνφοίσνστνς,
1101 999 1106 1082 Ι
1124 1009 1146 1059 el
1158 1009 1194 1060 τά
1209 1027 1239 1060 τε
1253 1006 1310 1060 dcliv

168 1085 331 1158 conjectura
342 1081 514 1160 Musgravii:
536 1083 578 1139 τίν
591 1089 715 1156 γ’ἀνίκσν·
764 1081 820 1158 ἕφν,
839 1079 846 1162 Ι
863 1085 962 1158 βρντείρ
987 1088 1011 1138 τ’
1038 1081 1103 1154 ἔχειν
1129 1082 1220 1148 ἄλυπος
1250 1086 1319 1153 βίος.·

168 1183 208 1216 τα
229 1162 356 1236 κρατήσων
379 1167 408 1228 ὥς
431 1166 487 1233 βίον.
529 1162 669 1221 Matthiae
689 1183 713 1219 v.
765 1162 942 1241 Hervagiana
960 1162 1083 1220 secunda
1102 1182 1167 1219 cum
1188 1181 1309 1238 sequen·

168 1256 238 1314 999.
261 1251 294 1296 ut
313 1240 412 1298 Aldus.
458 1242 527 1299 Post
552 1243 629 1300 hunc
651 1262 713 1300 ver·
763 1240 843 1300 tibus
851 1241 984 1300 omnibus
997 1247 1031 1308 εἰς
1039 1246 1075 1298 τά
1087 1267 1116 1299 τε
1127 1246 1193 1299 θεῶν.
1214 1243 1308 1303 Quam

169 1338 233 1376 sum
249 1319 333 1396 plene
345 1319 524 1399 distinguunt
536 1341 636 1380 omnes
649 1322 713 1380 edd.
764 1321 860 1380 nescio
870 1319 949 1395 cujus
960 1319 1149 1394 conjecturam
1160 1323 1310 1379 confirmat

167 1398 347 1458 recentiores.
387 1399 418 1456 Si
442 1400 574 1458 articulus
596 1401 714 1459 omnino
762 1401 821 1458 Pal.
835 1405 916 1468 εἰςτὰ
929 1405 987 1458 θεῶν
1004 1400 1148 1460 exhibens.
1184 1403 1308 1464 Cantero

167 1479 287 1546 abesset,
299 1478 439 1556 optimum
451 1480 647 1539 dochmiacnm
661 1482 712 1538 ha·
762 1481 802 1540 ita
815 1481 966 1560 legendum
987 1480 1112 1538 videtin:
1137 1483 1238 1555 γνοίμαν
1257 1505 1307 1538 σω-

167 1558 306 1627 meamus,
327 1563 441 1617 ἀνίκατον
461 1567 491 1627 ὥς
510 1562 637 1637 κρατήσων
656 1564 712 1632 βίᾳ,
761 1569 864 1638 φρονεῖν,
878 1564 981 1626 θάνατος
993 1565 1185 1638 ἀπροφάσιστος,
1205 1557 1210 1639 Ι
1228 1567 1261 1627 είς
1272 1564 1317 1618 τάῚ

168 1637 218 1696 sed
245 1657 303 1696 non
327 1639 423 1707 talem,
450 1640 563 1715 qualem
589 1640 715 1718 postulat
762 1665 791 1698 τε
805 1644 862 1698 θεῶν
876 1638 933 1717 ἔφυ,
951 1637 957 1720 Ι
973 1643 1120 1715 βρντείονντ’
1135 1638 1201 1712 ἔχειν
1217 1640 1309 1706 ἄλυπος

167 1717 325 1795 strophicus
346 1737 451 1787 versus,
475 1724 607 1778 Μαινάδων
629 1723 713 1777 κατά·
761 1723 821 1791 βίος.
856 1717 981 1798 Scalige'r
1000 1719 1088 1778 etiarn
1105 1727 1242 1798 σωφρονεῖν,
1257 1720 1308 1782 sed

167 1821 254 1854 σκοτνν
274 1801 398 1868 λυσσίδη.
430 1799 562 1857 Admisso
580 1804 637 1866 τὰν,
652 1819 713 1858 me·
761 1802 954 1876 βρντείφ-βίῳ,
996 1801 1116 1858 Portus:
1137 1803 1238 1874 γνοίμαν
1256 1803 1308 1856 σοί-

168 1887 243 1934 trum
265 1875 320 1934 erit
337 1889 371 1934 ut
390 1897 432 1935 vv.
447 1879 514 1953 986.
530 1880 598 1953 987.
619 1886 644 1936 od
664 1883 714 1955 γὰρ
762 1889 839 1955 φρννα
853 1877 927 1951 ἔχειν,
942 1878 1032 1944 ἄλυπος
1050 1882 1110 1948 βίος.
1153 1880 1255 1936 Cetera
1267 1883 1309 1936 tals

167 1954 197 2022 ἐξ
215 1958 321 2028 αἵματος
336 1953 342 2035 Ι
359 1964 477 2031 mamam
495 1956 552 2035 ἔφυ.
588 1957 714 2016 Creticos
762 1957 838 2030 μέσον
859 1976 921 2015 esse
941 1968 1032 2034 putat,
1053 1956 1149 2033 itaque
1169 1957 1305 2034 explicat:

168 2034 307 2094 dochmiis
321 2049 351 2094 et
363 2055 534 2113 praeponere
547 2047 576 2095 et
595 2036 728 2095 interse?
762 2041 774 2093 l
794 2037 819 2092 δὲ
836 2039 940 2102 θάνατος
958 2040 1145 2112 ἀπροφάσιστος
1163 2038 1316 2111 τροοείμενίςΔ

168 2134 229 2174 tere
242 2114 362 2193 tragicos
382 2135 477 2174 amare
493 2128 590 2174 monet
604 2115 713 2175 Seidle·
763 2122 820 2172 ἔστι
832 2123 882 2182 τοῖς
894 2114 1023 2172 &adram
1035 2114 1212 2191 ἁμαρτήματα
1224 2122 1308 2193 ἆμαρ·

168 2213 215 2252 rus
230 2215 258 2272 p.
272 2213 337 2252 122.
360 2196 416 2252 Sed
431 2215 466 2253 ne
479 2197 519 2254 sic
533 2195 646 2272 quidem
661 2216 712 2252 an·
762 2197 872 2264 τῆσασνν
902 2194 974 2268 (imo
1000 2196 1164 2270 ἁμαρτοῦσιν)
1193 2202 1226 2261 εἷς
1255 2201 1326 2263 τοὺς.

167 2273 349 2352 tistrophicus
369 2275 512 2352 strophico
524 2275 714 2353 respondebit.
763 2279 827 2341 θεοὺς
846 2277 889 2332 καὶ
909 2280 963 2341 τοὺς
981 2278 1119 2351 ἀνθρῶτονς.
1160 2275 1307 2334 Reislrius:

168 2355 270 2431 Neque
289 2353 356 2412 satis
376 2354 445 2423 scio,
460 2356 527 2432 quid
548 2356 585 2414 sit
605 2355 714 2414 vincere
761 2359 861 2428 γνοίμαν
873 2359 987 2431 σόφρονα
1007 2353 1072 2428 ἔχειν
1084 2352 1132 2431 ἔφυ
1147 2358 1198 2426 βίος
1209 2359 1307 2413 ἀθάνα-

166 2438 216 2492 vlu
229 2437 342 2492 balneam
361 2439 461 2509 γνόμαν
478 2440 598 2510 σοίφρννα.
640 2435 712 2492 Vul-
762 2459 810 2502 τνς,
829 2439 1028 2511 ’Μοιράων-τος,
1053 2432 1143 2502 ἅλντος
1169 2433 1195 2502 ἔς
1220 2459 1249 2493 τε
1272 2440 1308 2494 τὰ

167 2525 263 2593 getam
277 2514 395 2592 probare
409 2514 516 2573 videtur
530 2515 713 2574 Hermannus
763 2517 820 2571 θεῶν
832 2516 933 2591 βροτεῒοί
945 2539 983 2572 τε.
1008 2515 1054 2572 Ita
1067 2515 1185 2574 Graece.
1206 2515 1311 2574 Latine

169 2614 198 2672 p.
216 2608 285 2668 253.
762 2611 845 2652 vero:
882 2597 993 2668 Habere
1019 2603 1135 2652 mentem
1160 2599 1311 2669 sepientes

126 2709 129 2716 -
212 2692 418 2750 icoo-1009.
439 2674 568 2733 Tandem
587 2674 713 2752 perveni·
747 2676 873 2730 *estoite
886 2677 1056 2741 immortalis,
1071 2676 1168 2748 eulpae
1184 2683 1212 2732 et
1231 2695 1307 2732 mee·

168 2769 232 2810 mus
256 2753 291 2811 ad
318 2753 412 2812 locum
440 2754 527 2814 tetius
554 2755 714 2834 tragoediae
761 2755 855 2810 atinae
874 2760 1049 2827 mperatum
1066 2755 1307 2822 diviniainrebae,

167 2831 375 2902 difficillimum,
385 2855 470 2910 quem
484 2847 517 2892 ut
530 2833 713 2893 insanabilem
763 2836 893 2906 quom'in.
902 2827 1049 2889 hamonis.'
1066 2833 1095 2888 ls
1114 2831 1199 2909 igitur
1211 2837 1308 2890 ἀθάνα-

168 2910 277 2970 uncinis
297 2913 413 2972 inclusit
431 2925 461 2972 et
483 2913 622 2972 intactum
647 2912 712 2970 reli·
762 2937 803 2977 τος
824 2922 854 2968 et
878 2914 979 2986 βροτοῒοί
1005 2911 1167 2988 reponenda
1190 2911 1309 2970 censuit.

166 2989 231 3068 quit
243 2992 411 3050 Brunckius.
445 2995 480 3050 ln
492 2996 576 3058 oanis
592 2991 711 3068 (inquit)
763 2989 923 3049 Heathius:
953 2993 1052 3064 γνώμαν
1078 2994 1190 3067 σίφρονα
1216 2996 1311 3060 θνατοῖς

166 3079 195 3128 el
207 3074 421 3146 discrepantibus
433 3075 574 3128 deciorum
592 3075 714 3130 virorum
762 3073 962 3146 ἀπροφασίστως,
981 3066 986 3149 Ι
1004 3075 1037 3136 είς
1049 3073 1085 3127 τοί
1098 3095 1127 3126 τε
1140 3074 1198 3128 θεῶν
1211 3070 1267 3147 depo,
1285 3069 1291 3152 Ι

167 3149 328 3222 conjecturis
340 3152 410 3207 nihil
423 3154 495 3226 qnod
504 3153 653 3225 probabile,
665 3171 713 3208 ne·
762 3152 873 3224 βροτείων
885 3155 920 3216 τ’,
934 3147 999 3222 ἔχειν
1019 3149 1109 3218 ἄλντος
1128 3153 1186 3221 βίος.
1228 3151 1309 3210 Idem

167 3232 233 3288 dum
247 3233 407 3298 contemsit,
421 3234 516 3288 video:
530 3250 615 3305 aeque
628 3234 651 3287 is
664 3250 714 3306 ego
762 3228 867 3286 Latine
878 3251 884 3285 :
910 3231 1029 3287 Mentem
1043 3233 1191 3288 modestam
1204 3241 1310 3293 morta·

166 3329 228 3368 aum
246 3313 293 3383 qui
317 3311 492 3367 Coenorinem
511 3313 589 3368 illem
609 3331 714 3368 movere
764 3311 833 3366 lib-us
847 3312 953 3385 quidem
968 3311 1066 3368 hebere
1079 3312 1179 3386 absque
1192 3315 1308 3371 cavillo-

167 3393 295 3448 oudeom.
327 3391 407 3446 Idem
423 3389 551 3448 meliores
565 3389 651 3448 libros
665 3410 713 3448 ex-
764 3393 932 3466 timenem
946 3411 979 3447 ea
993 3409 1063 3465 qnae
1084 3393 1122 3447 od
1141 3393 1205 3449 deos
1225 3400 1252 3448 et
1272 3395 1310 3450 od

168 3469 339 3546 spectandos
350 3488 411 3526 esse
422 3481 528 3528 monet.
550 3471 653 3528 Parum
664 3471 713 3529 ad·
763 3470 881 3527 homines
897 3473 1044 3546 pertineat,
1059 3489 1102 3526 ree
1122 3478 1161 3526 eat
1174 3491 1244 3546 quoe
1257 3472 1309 3544 jn-

163 3547 288 3624 jumenti
314 3548 344 3606 in
374 3549 433 3609 Pal.
462 3548 541 3623 eujus
568 3550 714 3610 varietates
763 3553 880 3607 caudam
889 3559 916 3607 et
927 3559 1017 3606 tetam
1025 3552 1111 3605 citam
1121 3551 1212 3624 efficit.
1225 3551 1308 3608 Mus-

169 3628 226 3688 suis
239 3628 309 3688 locis
322 3627 462 3687 indicabo.
493 3631 557 3708 Ego
572 3650 636 3688 vero
650 3633 712 3688 offi·
762 3628 873 3707 gravius
887 3628 917 3684 in
926 3626 1130 3686 annotatione:
1146 3632 1246 3701 γνώμαν
1256 3635 1308 3686 σό-

168 3708 205 3766 cii
220 3707 275 3767 mei
294 3728 357 3767 esse
375 3709 458 3775 duco,
479 3709 644 3786 praecipuas
664 3729 711 3769 su·
762 3715 835 3785 φρον’,
850 3707 984 3784 ἄφθαρτος,
998 3710 1191 3783 ατροφάσνστος,
1211 3706 1216 3787 Ι
1234 3715 1267 3775 είς
1279 3713 1309 3767 τί

168 3788 309 3866 pariorum
350 3787 532 3866 interpretum
569 3787 714 3861 conjectu·
764 3812 793 3844 τε
807 3786 925 3863 θεῶνέφν
942 3783 948 3866 Ι
965 3786 1071 3862 βρίτεοίν
1087 3791 1112 3842 τ’
1125 3786 1190 3858 ἔχειν
1203 3793 1308 3859 ἀντίτας,

170 3887 214 3926 raa
228 3889 391 3937 mensorem,
407 3868 474 3927 licet
487 3867 637 3926 maximam
651 3888 715 3945 par·
764 3869 823 3936 βίος.
856 3866 938 3925 Idem
956 3865 985 3922 in
1006 3863 1237 3943 interpretatione
1250 3870 1308 3927 La·

170 3959 228 4006 tem
240 3948 415 4008 futilissimae
429 3948 494 4006 sint.
516 3949 571 4006 Sed
586 3967 619 4006 ex
634 3947 715 4005 malis
764 3946 844 4003 tina:
876 3947 997 4003 Mentem
1016 3949 1164 4004 modestam
1185 3952 1308 4008 mcorru·
1363 4003 1365 4008 .

169 4025 337 4101 conjecturis
371 4030 446 4088 haud
473 4049 534 4086 raro
562 4040 716 4086 nascuntur
760 4027 1064 4102 plo‚uiltilfingens‚et
1077 4029 1106 4082 ν’νν
1120 4029 1198 4085 rebus
1211 4032 1309 4087 divinis

168 4108 269 4165 bonae.
310 4110 441 4167 Meamm
469 4108 583 4186 quidem
615 4127 715 4185 parcus
755 4106 843 4180 facte
862 4113 910 4171 est,
931 4115 958 4166 et
980 4107 1104 4164 humenis
1125 4111 1162 4164 acl
1184 4112 1307 4166 indolen-

170 4203 228 4244 ero.
257 4187 342 4248 Quod
355 4188 431 4248 enim
447 4189 572 4247 Heathio
585 4186 714 4266 contigit,
766 4189 841 4252 liam,
858 4190 924 4243 vita.
968 4186 1087 4243 Sensum
1109 4205 1170 4244 esse
1190 4187 1306 4246 statuit:

170 4277 205 4324 nt
230 4265 316 4344 longa
341 4280 371 4334 et
397 4281 507 4327 attenta
532 4267 716 4328 meditatione
769 4266 833 4322 Vite
845 4285 946 4334 eorum,
958 4268 1052 4340 qulbus
1065 4285 1139 4323 mens
1151 4269 1242 4324 sobrie
1253 4287 1309 4326 uon

170 4364 265 4403 veram
299 4358 329 4404 et
357 4367 522 4426 germanam
549 4347 716 4424 scripturam
765 4349 957 4420 corrumpitur,
967 4349 1065 4422 quique
1074 4349 1179 4404 nullum
1189 4366 1309 4422 uuquam

171 4437 339 4503 assequutus
357 4427 412 4486 sibi
431 4427 579 4498 videretur,
597 4427 626 4486 id
646 4425 717 4486 milri
765 4427 884 4502 officim
902 4429 1063 4494 detrectem,
1075 4429 1143 4484 solet
1159 4435 1186 4483 et
1206 4446 1225 4484 o
1243 4429 1310 4486 Diis

831 4523 873 4580 ¹3
