3194 5102
587 205 888 272 PRAEFuTlo.
1283 199 1304 268 9

157 370 342 461 tonianus,
358 371 403 446 de
419 397 492 469 quo
508 372 590 447 vide
613 375 868 474 praefationem
898 376 943 449 ad
966 373 1066 450 Med.
1083 400 1119 473 p.
1135 385 1196 464 9.ss
1244 371 1305 445 De

158 485 374 558 Florentino
390 487 509 559 Vossii
528 515 634 586 supra
651 491 735 564 satis
752 489 890 564 dictum
907 503 973 563 est.

213 597 318 672 Haec
333 597 407 671 fere
424 599 546 689 habui,
559 627 651 698 quae
667 600 713 673 de
731 601 870 698 seriptis
890 601 988 672 libris
1004 597 1174 673 dicerem.
1200 599 1305 680 Quae

154 709 248 782 lieet
269 711 464 784 maximam
489 727 626 810 partem
653 711 772 809 potius
790 710 835 783 ad
854 711 1034 783 universas
1052 709 1237 808 Euripidis
1254 709 1306 780 fa-

156 818 264 892 bulas
282 845 392 915 quam
410 819 455 892 ad
480 821 573 903 hanc
589 824 645 896 vel
671 822 768 895 illam
795 823 1027 920 pertinerent,
1046 820 1157 892 malui
1183 832 1303 892 tamen

40 1029 47 1034 ‚
155 931 200 1002 in
227 931 446 1028 praefatione
469 935 513 1006 ad
538 934 702 1032 Bacchas
728 934 895 1032 proferre,
911 959 1020 1030 quam
1046 933 1197 1004 omnino
1214 931 1308 1004 indi-

157 1058 223 1116 cta
239 1043 451 1140 relinquere.

201 1157 341 1254 Longe
365 1157 532 1256 pauciora
548 1157 594 1230 de
619 1155 800 1256 impressis
826 1155 978 1229 dicenda
1005 1155 1132 1229 habeo.
1181 1157 1217 1230 E
1243 1184 1307 1242 sex

156 1269 391 1359 editionibus,
408 1295 495 1366 quas
520 1280 657 1344 veteres
681 1270 861 1368 appellare
887 1270 995 1358 soleo,
1012 1269 1148 1342 scilicet
1163 1269 1308 1359 Aldina,

87 1429 91 1438 ·
156 1381 277 1454 tribus
304 1380 554 1478 Hervagianis,
570 1382 826 1456 Brubachiana
851 1397 888 1454 et
913 1380 1139 1470 Stibliniana,
1157 1379 1308 1453 maximi

155 1488 248 1594 post
274 1494 649 1572 Aldinam-momenti
664 1512 733 1571 est
762 1496 992 1596 Hervagiana
1021 1493 1189 1584 secunda,
1215 1519 1309 1590 quae

156 1611 211 1684 A.
224 1609 275 1682 D.
293 1609 517 1682 MDXLIV.
536 1609 574 1684 in
591 1611 709 1686 lucem
737 1611 881 1710 prodiit.
933 1610 978 1683 In
999 1636 1042 1682 ea
1058 1609 1154 1682 enim
1175 1608 1309 1696 multos

158 1723 387 1820 superiorum
417 1723 615 1796 editionum
644 1753 778 1798 errores
805 1725 871 1799 viri
898 1725 1086 1820 cujusdam
1113 1723 1212 1798 docti
1240 1749 1310 1822 ope

159 1839 325 1912 sublatos
344 1838 439 1911 haud
458 1839 586 1935 injuria
610 1841 793 1938 praedicat
820 1840 1080 1938 typographus
1129 1839 1175 1910 ln
1200 1864 1311 1910 anno-

157 1949 301 2022 tatione
318 1949 507 2046 relegenda
523 1949 628 2022 video
646 1977 704 2022 me
723 1952 834 2022 semel
856 1951 1058 2043 iterumque
1076 1949 1184 2042 hujus
1201 1950 1310 2038 bene-

159 2061 240 2136 ficii
269 2072 450 2134 auctorem
475 2059 679 2132 nominasse
696 2062 756 2133 Jo.
773 2058 990 2148 Brodaeum‚
1006 2059 1107 2156 cujus
1133 2060 1171 2130 in
1196 2060 1313 2133 uude-

163 2180 239 2256 cim
268 2177 406 2249 fabulas
436 2173 620 2246 annotatio
649 2201 694 2247 ex
725 2173 848 2247 eadem
879 2173 1023 2246 officina
1051 2174 1314 2274 typographica

164 2295 214 2368 A.
231 2292 282 2364 D.
300 2287 487 2362 MDLXl.
511 2291 646 2388 publici
666 2291 759 2386 juris
776 2292 882 2380 facta,
900 2289 961 2362 sed
979 2290 1041 2380 diu
1059 2305 1142 2366 ante
1159 2293 1319 2378 conscri-

165 2424 243 2510 pta,
272 2407 370 2480 haud
403 2407 571 2509 exiguam
606 2434 728 2481 earum
758 2407 955 2481 lectionum
984 2399 1124 2506 partem
1155 2410 1315 2500 exhibet,

167 2549 257 2621 quas
289 2521 327 2594 in
352 2521 566 2594 Aldinarum
594 2520 713 2593 locum
744 2519 917 2618 repositas
947 2519 1057 2592 habet
1083 2521 1315 2620 Hervagiann

168 2631 336 2709 secunda.
361 2632 540 2713 ¹Quarum
560 2631 655 2702 haud
676 2631 749 2704 scio
767 2657 811 2702 an
829 2629 929 2702 nulla
946 2629 1074 2703 melior
1091 2631 1137 2705 sit
1154 2659 1208 2723 ea,
1222 2659 1315 2731 quae

168 2776 267 2823 nunc
284 2747 414 2846 legitur
429 2773 462 2820 v,
475 2760 559 2836 950.
610 2747 715 2818 Tales
733 2745 956 2840 conjecturae
979 2745 1063 2820 licet
1080 2747 1158 2822 aliis
1174 2762 1315 2848 praeter

169 2861 376 2934 Brodaeum
394 2859 431 2930 in
454 2869 616 2934 mentem
632 2857 751 2930 venire
770 2856 982 2955 potuissent,
999 2883 1069 2930 non
1089 2858 1200 2930 cuivis
1218 2872 1315 2932 certe

171 2999 353 3048 occurrere
372 2973 498 3058 solent,
516 2970 605 3043 adeo
622 2983 663 3045 ut
686 2971 794 3067 longe
811 2970 884 3044 veri
911 2970 1062 3044 similius
1086 2971 1176 3045 mihi
1194 2973 1315 3047 videa-

171 3100 243 3177 tur,
269 3087 351 3158 ab
343 3111 421 3182 ipso
454 3083 619 3157 Brodaeo
652 3111 711 3158 eas
745 3109 828 3157 cum
863 3085 1091 3185 typographo
1123 3087 1315 3172 Basilienri

173 3196 456 3270 communicatas
474 3195 585 3270 esseh.

215 3453 230 3492 Β
241 3443 285 3500 Ex
296 3460 330 3499 eo
339 3439 491 3509 Bamesius
502 3441 537 3500 ad
550 3441 662 3500 titulum
677 3441 719 3499 fn-
769 3443 843 3501 stola
856 3443 1060 3521 nuncupatoria
1069 3443 1104 3500 ad
1118 3443 1314 3504 Sebastianum

175 3522 276 3580 bnlae:
301 3523 335 3578 ln
350 3523 507 3578 Florentino
528 3519 617 3579 tumen
631 3525 721 3580 codice
770 3535 799 3580 et
818 3524 979 3581 Amandum
1000 3523 1203 3594 Truchsesios:
1234 3527 1317 3600 ficii

177 3603 332 3662 inscribitur
354 3602 498 3660 Pentheus.
528 3603 594 3659 MS.
611 3603 720 3659 Cotton.
770 3605 883 3676 egomet
896 3623 951 3660 esse
959 3621 1106 3677 praecipue
1118 3606 1194 3668 duni
1205 3611 1237 3659 ut
1246 3622 1317 3678 quae

115 3681 120 3685 ’
176 3683 268 3740 Adv.
292 3700 359 3757 209.
389 3682 455 3738 MS.
472 3681 578 3738 Cotton.
598 3685 658 3753 δίχα
678 3687 720 3756 ῥυ·
767 3685 905 3756 prioribus
915 3685 1019 3756 aliquot
1029 3675 1145 3738 aliorum
1156 3684 1315 3738 edrtwmbur

177 3765 252 3834 oper.
272 3761 353 3820 Adv.
365 3755 433 3818 ¹281.
456 3761 645 3818 Siccuomnin
658 3780 722 3818 nam
771 3764 952 3836 depravatu
942 3780 970 3836 m
992 3780 1023 3818 eo
1047 3761 1108 3816 loen
1128 3769 1315 3837 cruentaeque

49 3887 53 3896 .
178 3845 246 3898 dare
265 3843 345 3898 Deus
361 3843 511 3916 proposuit.
540 3842 641 3898 Horat.
652 3841 721 3897 MS.
768 3861 861 3916 pauco
881 3849 953 3898 certe
972 3843 1031 3906 illa
1051 3859 1136 3914 neque
1154 3843 1236 3914 parui
1254 3861 1314 3898 mo-

180 3921 288 3977 Cotton.
303 3921 356 3978 huc
371 3921 502 3994 applicat.
532 3920 617 3980 Adv.
636 3919 721 3978 1266.
771 3924 856 3978 rnenti
876 3922 1017 3994 quaedum,
1039 3939 1092 3994 pro
1114 3921 1189 3976 uirili
1209 3923 1316 3996 quidem

178 4002 288 4057 Atludit
312 4002 349 4056 ad
376 4000 527 4073 caliginem
550 3981 722 4057 Homericam
768 4009 850 4074 purte
863 4020 932 4069 mea,
947 4008 1079 4074 quantum
1099 4002 1195 4056 suumn
1213 4004 1251 4058 act
1266 4020 1315 4058 ur-

181 4081 264 4136 Iliod.
278 4087 309 4136 E.
323 4098 349 4136 r.
366 4093 431 4152 127.
470 4081 530 4136 Vid.
553 4081 722 4156 Simplicium
769 4083 866 4153 gentio
889 4083 988 4154 praela
1009 4081 1116 4145 licebat.
1137 4082 1315 4146 emendarem,

181 4161 210 4216 in
224 4160 341 4233 Epictet.
356 4176 401 4216 10.
415 4159 481 4216 MS.
498 4160 605 4218 Cotton.
641 4161 722 4218 Haec
771 4167 798 4216 et
812 4163 841 4216 in
855 4161 965 4253 reliquis
985 4157 1243 4251 eruditilcujuedum
1263 4161 1329 4263 riri¹

181 4257 235 4355 nei
247 4237 376 4394 illidipiii
388 4239 603 4395 gircoiiiiil‘erba
615 4337 649 4378 ex
661 4317 720 4396 epi·
772 4240 1247 4412 irididc'itiiiriniiiirieliiitlulgaueiipiribi
1257 4257 1316 4376 ‘ledi
