3194 5102
540 243 861 314 PRAEFATIO.
1244 254 1279 312 ll

148 485 153 495 .
190 419 400 515 Pergratum
426 416 517 490 mihi
546 417 682 507 fuisset,
706 418 735 490 31
762 433 921 493 veterum
952 419 1163 517 scriptorum
1192 417 1284 506 loca,

132 529 179 602 in
203 530 333 628 quibus
360 531 495 628 aliquid
518 557 564 604 ex
593 533 662 607 hac
686 533 809 606 fabula
835 533 1057 631 allegassent,
1075 544 1137 604 aut
1153 531 1284 603 imitati

134 657 273 734 essent,
290 658 352 717 aut
377 646 446 717 alio
463 645 635 744 quopiam
661 647 769 719 modo
795 644 1173 746 usurpassent,'omnia
1194 643 1287 716 indi·
1340 731 1343 754 ἱ

80 813 85 818 -
134 788 223 833 care
245 761 454 858 potuissem.
503 761 656 834 Nullum
685 761 781 832 enim
811 760 1051 834 annotationis
1079 785 1191 857 genus
1221 771 1287 845 est,

133 874 240 970 quod
266 875 437 971 majorem
457 877 614 949 fructum
642 876 834 948 lectoribus
863 876 993 947 afferat.
1045 872 1114 945 Sed
1142 884 1285 945 tantum

133 1001 179 1060 et
195 990 367 1086 temporis
384 1003 421 1062 et
437 989 568 1061 laboris
583 989 644 1060 uni
659 988 842 1088 Euripidis
859 985 1062 1085 tragoediae
1076 985 1285 1084 impendere

134 1129 214 1174 non
238 1103 351 1176 licuit.
403 1105 593 1199 Quotquot
610 1130 629 1176 a
648 1103 857 1202 Musgravio
886 1102 1037 1198 aliisque
1066 1101 1205 1199 prolata
1231 1127 1287 1172 re-

135 1243 317 1314 pereram,
344 1217 533 1315 diligenter
562 1217 724 1306 exhibui,
752 1216 925 1289 nonnulla
954 1241 1098 1312 quoque
1126 1213 1171 1286 de
1205 1237 1287 1284 meo

137 1329 275 1402 addidi.
325 1331 370 1403 In
401 1332 469 1404 hac
495 1359 533 1404 re
561 1333 721 1405 maximo
750 1357 834 1404 sane
862 1329 1070 1426 adjumento
1098 1327 1190 1420 mihi
1217 1327 1287 1399 fuit

66 1525 68 1534 ,
135 1446 414 1535 Valckenarius,
431 1448 493 1544 qui
516 1448 553 1519 in
581 1448 750 1545 exemplo
778 1445 943 1518 editionis
973 1443 1074 1517 Pauli
1102 1438 1289 1538 Stephani,

135 1559 240 1654 quod
258 1559 295 1631 in
312 1561 541 1635 Bibliotheca
555 1562 770 1636 Academiae
786 1558 974 1633 Leidensis
993 1556 1101 1630 hodie
1119 1567 1289 1642 servatur,

137 1673 259 1746 multa
275 1687 312 1746 et
328 1688 489 1748 veterum
515 1689 552 1748 et
578 1677 814 1748 recentiorum
843 1674 1056 1771 scriptorum
1082 1667 1288 1743 testimonia

137 1786 187 1859 ad
215 1788 308 1861 hanc
333 1789 490 1862 fabulam
521 1791 719 1888 spectantia
742 1801 980 1886 congesserat,
995 1787 1051 1859 vel
1070 1785 1191 1886 potius
1207 1785 1288 1855 bre-

136 1900 233 1972 viter
257 1901 484 1980 indicaverat.
531 1902 759 1977 Valckenarii
784 1902 1052 1974 annotationem
1071 1901 1109 1970 in
1128 1898 1288 1977 adversa-

137 2015 203 2086 riis
229 2015 301 2086 suis
330 2015 546 2111 descriptam
575 2040 716 2086 mecum
746 2010 1025 2085 communicavit
1052 2007 1289 2080 Gaisfordius.

138 2127 302 2198 Pertinet
324 2125 368 2197 ad
386 2150 442 2196 vv.
460 2137 521 2198 33.
537 2138 599 2198 33.
617 2139 680 2198 33.
700 2123 760 2196 66.
782 2138 863 2197 134.
884 2135 966 2211 139.
987 2136 1068 2212 193.
1090 2119 1287 2208 333336.

139 2252 228 2311 333.
257 2237 340 2312 366.
364 2237 447 2312 363.
463 2252 549 2311 314.
566 2250 652 2328 317.
668 2251 754 2311 333.
775 2252 860 2312 433.
884 2250 969 2310 433.
995 2245 1079 2324 473.
1097 2245 1183 2324 473.
1201 2233 1287 2308 436.

139 2367 229 2441 493.
252 2367 337 2443 499
362 2365 445 2425 333.
470 2363 554 2426 333.
573 2351 657 2425 633
675 2351 760 2425 643.
778 2351 864 2424 644.
881 2351 966 2424 646.
985 2349 1070 2441 677.
1089 2350 1187 2439 679
1201 2347 1288 2422 633.

138 2462 228 2552 693.
255 2473 338 2552 734
364 2474 448 2553 733.
471 2473 556 2552 713.
582 2473 665 2552 733.
685 2478 769 2553 743.
784 2461 867 2553 761.
889 2471 973 2551 773.
991 2473 1076 2533 334.
1094 2456 1179 2549 916.
1197 2470 1287 2546 913

148 2576 641 2666 1137.1133.1163.1334.

193 2684 329 2758 Addidi
345 2685 573 2758 collationem
591 2657 744 2756 Aldinae
767 2684 933 2758 editionis
959 2683 1162 2756 similem
1132 2709 1177 2772 31,
1194 2709 1288 2778 quae

144 2795 230 2893 ipsis
247 2811 374 2896 poetae
390 2800 533 2872 verbis
524 2826 563 2871 111
580 2799 855 2872 Heraclidarum
881 2810 917 2870 et
942 2797 1096 2871 Medeae
1122 2796 1288 2868 editioni-

32 2941 35 2948 *
144 2910 211 2981 1133
229 2910 388 3005 subjecta
406 2911 547 3009 legitur.

128 3113 135 3120 ἱ
195 3023 346 3098 Librum
365 3027 499 3099 claudit
515 3025 697 3124 Euripidis
714 3024 799 3097 Vita
816 3051 862 3096 ex
880 3024 1002 3097 codice
1023 3023 1288 3098 Mediolanensi

144 3164 242 3211 nunc
259 3140 417 3239 primum
436 3141 543 3212 edita.
577 3141 681 3222 Quae
699 3141 782 3213 licet
799 3167 916 3237 neque
933 3139 1078 3238 copiosa
1095 3142 1151 3232 sit,
1168 3170 1287 3242 neque

144 3254 260 3326 multa
277 3254 322 3327 de
338 3266 445 3352 poeta
461 3267 583 3327 nostro
599 3253 760 3327 nondum
779 3255 887 3352 vulgo
908 3267 993 3326 nota
1019 3255 1160 3348 habeat,
1176 3258 1287 3357 digna
1326 3250 1328 3254 ¹

142 3385 267 3444 tamen
289 3371 379 3442 mihi
406 3370 479 3442 visa
504 3382 568 3460 est,
586 3396 678 3468 quae
701 3397 746 3442 ex
771 3369 1029 3443 Ambrosianae
1046 3371 1286 3450 bibliothecae

144 3487 300 3560 tenebris
318 3497 512 3558 erueretur.
962 3467 965 3476 ⁵
1180 3473 1182 3480 ¹

190 3694 336 3769 Dabam
355 3693 500 3784 Oxonii,
518 3693 600 3769 Kal.
619 3694 729 3796 Mart.
745 3691 791 3766 A.
801 3691 851 3765 D.
869 3676 1199 3768 M.D.CCC.XXl.
