3194 5102
437 213 741 282 ΕΥΡΙΠΙΔΟΥ
768 213 994 280 BAKXAI.
1024 307 1031 318 ¹

1237 211 1287 288 ⁴7

259 403 377 484 ἐκεῖνος
393 399 423 478 ἐν
440 405 531 504 μηρῷ
547 401 620 476 ποτ’
642 392 761 502 ἐρρίφη
781 391 874 484 Acir,

259 523 295 605 ‘is
314 521 508 627 ἐκπυροῦται
527 514 715 624 λἀριττοίσιν
734 517 917 624 κεραυνίαις

263 645 341 727 ισῗνν
359 653 465 752 μητρί,
486 646 587 729 Δίους
604 641 651 724 ’ίτι
669 640 806 749 γοίριους
831 643 839 662 ’
881 639 1009 722 υίσατο.

1123 665 1176 723 ῐίἐ·
1230 671 1292 721 245

260 776 350 854 ταίίτ
373 777 445 868 οὐχὶ
465 765 565 863 dariis
583 770 732 871 αγχίνιρς
750 766 893 875 ἐντοίξια,

694 892 703 912 J

262 892 397 1001 ’ὕβρεις
414 893 561 1000 ὑβρίζειν,
581 891 671 978 ’ίοτις
690 926 774 972 εστιν
793 930 808 972 ο
824 889 927 998 {sion

150 1135 241 1191 ¹daran.
271 1133 352 1193 Quae
373 1132 444 1190 ratio
466 1131 490 1189 si
511 1131 700 1198 111111111-

153 1223 215 1270 tero
233 1218 318 1278 ἐκεῒνος
337 1211 508 1290 significatur
522 1209 628 1288 Lydius
646 1211 699 1268 hu-

153 1311 227 1370 spas,
251 1292 339 1351 altero
361 1292 500 1350 Bacchus.
535 1289 631 1365 Hujus
655 1291 700 1350 iu·

154 1371 299 1430 commodi
322 1391 420 1430 caussa
448 1383 611 1449 sequentem
640 1391 700 1430 ver·

155 1471 219 1510 sum
232 1451 417 1511 sollicitarunt
436 1449 574 1518 nonnulli,
590 1460 622 1507 ut
635 1470 701 1508 nrox

155 1529 319 1591 videbimus.
360 1534 424 1611 Ego
450 1551 515 1590 vero
541 1529 701 1608 propriori

68 1675 71 1678 ,
154 1619 242 1678 ἐκεῖνος
251 1611 360 1690 reposui
373 1619 466 1670 ἐκεῖνον.
488 1613 533 1669 lta
543 1621 640 1668 noster
649 1612 700 1669 Or.

158 1711 226 1768 594.
246 1698 332 1750 ἐκείνου
351 1693 446 1767 ἡγεῖσθ’
460 1691 554 1749 ἂνέσιον
572 1693 615 1748 sal
635 1696 702 1748 κτεί-

157 1798 220 1830 νετε.
238 1769 244 1852 Ι
261 1779 346 1838 ἐκεῖνος
358 1775 460 1848 ἥμαρτ’,
474 1779 514 1829 οὐκ
528 1774 585 1846 esd.
606 1775 636 1828 τί
645 1774 703 1848 χρίῐν

157 1879 190 1927 με
210 1857 282 1928 span
310 1853 389 1910 Ordo
409 1851 495 1931 igitur
515 1863 572 1909 esti
596 1853 703 1927 φησὶνθ

157 1931 220 1999 ξένος
239 1939 324 1992 ἐκεῖνον
344 1930 405 1990 εἶναι
426 1932 537 1989 Διίνυσον
552 1932 611 1998 deis,
624 1928 650 1996 ἐς
663 1936 704 1987 ἐκ·

156 2021 271 2089 συροθται
285 2037 308 2069 κ.
323 2037 349 2068 τ.
365 2017 385 2068 ἐ.
527 2027 530 2033 “

202 2096 272 2150 Ibt'd.
287 2092 375 2150 Aldus
386 2087 449 2147 εἷναί
459 2100 532 2166 φησι.
553 2087 634 2145 Idem
645 2110 706 2162 τρα-

157 2177 238 2250 φῆναί
252 2173 333 2251 φασὶν
346 2191 371 2228 v.
385 2185 451 2246 295.
472 2167 570 2240 adsciri
587 2177 668 2244 φασιν
680 2187 704 2224 v.

161 2267 229 2328 770.
262 2252 321 2309 Pal.
343 2247 404 2308 eiras
423 2260 496 2328 ρνρσι,
511 2251 633 2325 τραφῆναι
652 2256 706 2323 φα·

157 2335 209 2400 clv,
223 2338 317 2389 κάκεῖνο
329 2332 418 2408 φασὶν.
440 2329 558 2396 Omnes,
571 2325 601 2384 nl
615 2326 706 2395 fallor,

158 2413 189 2469 at
200 2423 267 2490 φημι
280 2431 305 2468 v.
319 2411 385 2486 788.
481 2437 485 2444 ¹

205 2510 272 2567 243.
294 2492 375 2551 Haec
396 2501 425 2549 et
448 2509 520 2567 quae
543 2499 706 2568 sequuntur,

159 2584 229 2631 sunt
238 2571 286 2650 qui
298 2570 496 2650 interrogative
508 2571 628 2649 legenda
641 2587 707 2626 cen·

746 898 806 924 Ὦ(

1120 930 1133 962 ²
1143 917 1229 986 issews'

751 1132 825 1190 thius
842 1130 929 1188 etiam
947 1129 1017 1192 haec
1038 1131 1236 1214 interrogative
1255 1136 1296 1194 le·

749 1211 842 1291 genda
855 1209 961 1269 statuit.
1224 1227 1228 1234 '

793 1309 860 1366 144.
879 1290 969 1350 Aldus
979 1297 1099 1366 λαμπάσι
1110 1316 1134 1354 ν.
1147 1313 1213 1370 144.
1225 1297 1297 1354 θυέλ-

750 1384 821 1430 harri
843 1391 866 1428 v.
884 1389 900 1445 3
904 1387 952 1447 50.
975 1377 1058 1430 ἐλπίσι
1072 1394 1096 1432 v.
1109 1376 1178 1452 617.
1200 1379 1297 1448 χείλεσι

749 1473 775 1511 v.
787 1453 854 1509 621.
870 1455 966 1521 ἐποίησε
975 1472 1001 1510 v.
1013 1453 1081 1528 630.
1097 1452 1178 1532 ἔρρηξε
1189 1475 1215 1512 v.
1227 1457 1296 1532 633.

750 1536 852 1606 σοίμασι
872 1552 898 1589 v.
912 1533 981 1590 682.
1003 1531 1169 1616 ἐξιρρνετίσουσί
1187 1556 1212 1593 v.
1229 1535 1296 1612 815.

750 1616 852 1670 τείνουσι
879 1631 905 1669 v.
930 1630 998 1687 934.
1026 1618 1147 1674 ἐλάταισι
1176 1637 1202 1674 v.
1228 1630 1296 1692 952.

751 1694 832 1755 Quae
855 1691 952 1750 omnia
978 1705 1088 1770 practer
1115 1696 1244 1753 θνέλλανσι
1273 1716 1298 1753 r.

753 1788 822 1849 350.
847 1771 966 1830 conexit
989 1773 1152 1834 Ramesins.
1190 1777 1299 1834 Omnes

753 1857 875 1927 ἐτύγχανε
888 1872 915 1909 υ.
931 1871 1016 1927 1130.
1044 1855 1131 1912 MSS.
1146 1854 1232 1912 etiam
1246 1856 1299 1914 mi·

754 1952 807 1989 nus
821 1930 873 1988 sibi
887 1943 1020 1989 constant
1033 1953 1117 2008 quam
1131 1933 1268 2010 impressi.

798 2011 864 2084 246.
895 2005 1072 2088 Hesychius:
1103 2013 1223 2087 Ἀρχίνηι
1246 2039 1301 2071 τνι·

755 2091 834 2165 perric.
854 2090 986 2164 Ἀγχίνηςε
1003 2088 1063 2157 ἐξίοι.
1092 2091 1244 2170 corrigunt
1257 2093 1301 2150 ln·

756 2180 906 2247 terpretes:
929 2170 1048 2245 Ἀνγχίιηι
1063 2171 1182 2246 aisperde.
1196 2173 1302 2248 ἢθρχί·

756 2274 795 2320 νρς
808 2246 877 2314 ’ἄξια
910 2250 1133 2309 Grammaticum
1150 2253 1303 2330 respexisse
1344 2293 1351 2306 .

756 2341 859 2407 putant
872 2329 907 2386 ad
919 2329 1137 2409 Aristophanem
1151 2334 1223 2392 llch.
1236 2349 1301 2410 125.

756 2416 846 2467 Ταῦτα
859 2414 909 2480 δῆτ’
924 2416 964 2468 οὔκ
977 2412 1086 2486 hygiam

798 2492 869 2548 Ibid.
889 2491 978 2548 Aldus
991 2489 1044 2549 ἔστ’
1060 2491 1130 2560 ἄξιοι.
1156 2493 1204 2552 Sic
1217 2493 1302 2552 etlam

757 2570 816 2628 Pal.
829 2581 860 2628 et
879 2571 967 2629 Laur.
996 2572 1081 2633 Quod
1104 2573 1168 2632 ideo
1188 2594 1302 2643 moneo,

146 2665 257 2710 'seantz
273 2671 326 2731 ego
339 2651 455 2710 minime
466 2649 650 2709 necessariam
661 2647 708 2706 hic
757 2650 824 2728 quia
833 2652 896 2710 Par.
908 2652 943 2708 lt.
957 2647 986 2720 ἦν
996 2650 1058 2719 ἄξια
1071 2654 1157 2712 habet
1170 2653 1199 2712 in
1214 2666 1303 2722 textu,

162 2732 409 2812 interrogationem
424 2750 485 2790 esse
498 2743 577 2809 puto.
613 2728 643 2786 Si
664 2727 708 2786 cui
757 2729 811 2789 ἔστ’
825 2730 855 2787 in
871 2729 1005 2808 margine.
1040 2733 1110 2790 Non
1129 2733 1182 2792 nisi
1200 2732 1304 2792 librarii

163 2824 259 2872 tamen
281 2814 392 2891 placeat
413 2809 604 2890 interrogatio,
619 2809 708 2866 inclu-
758 2809 918 2869 oscitationi
938 2809 1117 2870 tribuendum
1138 2812 1247 2871 videtur
1265 2810 1302 2883 ἦν,

161 2892 348 2952 santhabebit
357 2891 595 2972 indignationem:
609 2901 639 2946 at
649 2887 709 2946 sine
757 2891 834 2968 quod
857 2888 1042 2959 admisissem,
1070 2892 1094 2949 si
1117 2892 1148 2949 in
1170 2892 1231 2950 Pal.
1255 2905 1305 2950 aut

106 3035 116 3057 t
164 2973 383 3052 interrogatione
402 2979 487 3038 ἐκεῖνος
505 2989 556 3049 per
580 2980 708 3028 contem·
758 2971 844 3028 Laur.
859 2981 1001 3046 repertum
1021 2983 1103 3029 esset.
1133 2972 1240 3030 Noster
1253 2974 1304 3030 Or.

163 3065 246 3132 ptum
267 3052 383 3119 dicetur,
398 3064 430 3109 ut
450 3051 586 3129 passima
599 3046 709 3106 Latinis
759 3051 827 3124 614.
846 3057 942 3124 μᾶλλον
959 3053 1068 3120 δ’ἐιιεένη
1087 3059 1130 3109 σοῦ
1149 3056 1230 3110 θανεῖν
1250 3059 1304 3110 ἐστ’

165 3137 223 3192 iste.
246 3135 436 3190 Summos.
476 3131 535 3187 Aut
549 3136 634 3193 ἐκεῖνος
647 3137 710 3185 cur*
759 3128 828 3208 ἀξία.
860 3127 917 3187 His
937 3129 1068 3208 exceptis,
1092 3133 1202 3192 nullum
1223 3152 1306 3192 sena·

164 3225 281 3290 ruptum
301 3223 353 3278 est,
375 3222 404 3269 et
425 3209 500 3268 male
522 3207 672 3286 repetitum
695 3225 711 3264 e
760 3209 832 3268 rium
853 3210 927 3288 apud
950 3209 1072 3290 tragicos
1095 3225 1203 3272 exstare
1226 3225 1306 3293 puto,

166 3312 248 3352 versu
272 3291 464 3369 praecedente,
486 3301 535 3347 aut
556 3295 590 3357 ε’ν,
611 3299 642 3344 et
660 3306 711 3364 pro
761 3290 810 3368 qui
830 3289 860 3348 in
880 3289 960 3349 initio
980 3291 1072 3368 quinti
1096 3293 1174 3372 pedis
1187 3292 1248 3352 ’ἔστ’
1263 3295 1307 3352 vel

166 3393 202 3432 eo
216 3370 269 3450 leg.
283 3384 328 3429 est
343 3368 368 3438 θς
387 3383 471 3447 atque
491 3367 593 3444 ἔρραρεν
612 3378 661 3424 aut
673 3373 712 3442 ἐρ·
762 3377 815 3428 ἐστ’
830 3371 942 3430 habeat.
973 3374 1072 3450 Itaque
1090 3374 1240 3453 legendum
1262 3393 1307 3431 ar·

164 3455 273 3532 ρῦφθοιι.
290 3470 357 3526 244.
367 3451 391 3517 ’ίς
403 3456 450 3528 σφ’
464 3456 564 3525 ἐμτυριῒ
573 3473 631 3506 ποτε
644 3459 713 3523 λαμ·
763 3449 851 3510 bitror
870 3451 900 3510 in
913 3452 1034 3510 Bacchis
1048 3452 1148 3521 ἐπάξιοι,
1163 3453 1193 3512 ln
1207 3455 1309 3512 Oreste

167 3533 434 3591 sdera‘Rarssrus.
468 3528 714 3606 Legendumcum
763 3529 863 3598 ἐσαξέα.
896 3532 941 3590 lta
962 3540 1225 3609 11011111.715.ι“νς
1243 3537 1309 3592 δεινὰ

167 3611 287 3672 Βθὶεέίὶο
320 3615 448 3689 ἐρράφθαι.
500 3611 713 3668 MUSGRAVIUS.
763 3615 843 3688 δρῶσι,
857 3615 991 3684 θαυμάτων
1004 3618 1027 3668 τ’
1042 3610 1142 3678 ἐπάξια.

168 3691 714 3767 Β11111111ἱ111νινὲρράρθαιρτοτοθέρ·
807 3706 874 3766 247.
901 3692 1007 3748 Noster
1029 3690 1116 3748 Herc.
1142 3706 1209 3765 741.
1231 3692 1311 3766 ὕβρεις

169 3779 245 3852 ροὶφνρ,
279 3773 355 3850 quod
393 3768 533 3829 revocavit
564 3767 715 3826 Matthiae
764 3773 862 3845 ὑβρίζων
875 3776 908 3836 etr
924 3774 1050 3844 ἀμείνονας
1067 3770 1146 3829 σέθεν.
1179 3771 1311 3829 Fortasse

170 3855 237 3912 Jam
265 3852 342 3910 nulla
364 3863 491 3928 superest
513 3847 662 3908 difficultas
686 3847 716 3905 in
765 3849 915 3926 utrobique·
925 3849 1077 3928 legendum
1087 3853 1195 3928 θρρισμ,
1206 3861 1240 3908 ut
1249 3851 1311 3910 He·

170 3935 226 3994 hoc
240 3952 329 4002 versu,
344 3932 430 3990 modo
449 3929 612 4008 suppleatur
625 3933 654 3994 ὡς
666 3938 716 4005 φρ-
767 3929 832 3988 rael.
847 3930 892 3988 18.
906 3932 1005 4006 θβρισμ’
1019 3935 1044 3996 ἐς
1061 3932 1127 4005 ἡμᾶς
1145 3930 1245 4002 ἠξίωσεν
1264 3934 1312 4003 ὑβ-

172 4017 212 4072 σὶν
224 4017 236 4070 t
249 4012 320 4080 ξένος.
355 4012 438 4070 Salvo
456 4023 547 4069 metro
561 4007 653 4094 dicere
666 4027 717 4086 po-
767 4012 844 4086 ρίσαι.
865 4009 977 4068 Plurale
986 4013 1064 4086 ὕβρεις
1076 4011 1184 4090 saepius
1198 4031 1256 4072 non
1270 4012 1312 4070 le·

171 4093 273 4152 tuisset
295 4092 460 4170 Euripides:
479 4097 579 4164 ‚lustro
603 4095 627 4146 ἐν
653 4095 720 4164 μηρῷ
768 4089 843 4168 gitur
866 4089 942 4167 apud
967 4090 1094 4169 tragicos.
1134 4093 1212 4150 Nam
1239 4092 1313 4169 apud

63 4197 72 4208 ·
172 4180 225 4231 ποτ’
240 4175 361 4250 ἐρράφθαι
374 4171 439 4239 ut,
471 4171 527 4229 Sed
545 4169 644 4228 eadem
658 4189 719 4226 ma·
769 4169 932 4248 Euripidem
947 4172 1060 4230 Heraol.
1075 4191 1144 4249 924,
1158 4184 1248 4230 metro
1269 4190 1313 4228 re·

173 4265 261 4312 neme
299 4251 439 4312 sententia
480 4248 719 4309 constructionem
769 4250 993 4329 pugnat'Aldiua
1008 4252 1145 4330 scriptura
1158 4250 1219 4324 ἔσχε
1233 4255 1251 4308 δ’
1265 4253 1312 4322 θβ-

174 4345 285 4392 mutare
305 4332 415 4391 maluit.
454 4333 568 4390 Praeter
588 4348 637 4388 eos
658 4329 719 4406 qui·
769 4355 818 4407 ρεις
835 4333 922 4408 ἀνδρὸς.
964 4333 1047 4410 Apud
1071 4332 1190 4390 eundem
1215 4329 1313 4408 Suppl.

173 4415 229 4472 hus
257 4413 408 4491 respondet
438 4412 607 4490 Stephanus,
640 4410 720 4468 Hea-
770 4426 840 4488 495.
855 4433 907 4490 pro
919 4412 1030 4492 vulgata
1041 4415 1108 4488 ὕβρις
1120 4415 1256 4480 manco,
1268 4411 1315 4468 alii
