3220 5102
430 255 734 322 ΕΥΡΙΠΙΔΟΥ
769 256 988 324 BAKXAI.
1226 263 1293 339 59·

139 451 215 516 ΠΕ.
247 442 301 516 Οὐ
318 433 366 542 ,uir
383 436 569 542 προσοίσεις
586 437 695 540 χεῖρον,
715 431 926 530 βακχεύσεις
945 429 978 514 d'
1000 433 1063 526 ida,

250 557 331 668 μοί
353 561 512 669 ἓξομίρξει
531 562 656 666 μορίοιν
673 555 800 651 titurio
818 559 894 664 ἐμοί
899 597 909 652 3

249 686 307 780 tiit
325 685 386 780 olis
403 687 518 771 ἆινοίσις
534 678 622 766 vird}
639 683 690 764 rit
709 677 919 764 Addamus

251 806 341 905 titur
358 806 501 915 με’τειμι.
531 805 688 905 στειχέτιο
705 843 758 894 τις
776 811 821 892 ὡς
838 803 960 905 nixos,

250 931 348 1015 {atha
366 929 402 1014 di
420 931 541 1018 temus
558 927 713 1023 τιῧ1’,“ίι’
730 937 951 1038 οἰωνοσκοπεῖ,

144 1187 231 1228 sonus
250 1169 285 1226 nd
306 1168 357 1226 As.
372 1168 441 1242 813.
461 1169 524 1243 δεῦρο
543 1169 580 1237 tt,
593 1169 689 1241 γεμίσω
737 1169 791 1244 πρὸς
803 1170 934 1224 αὐλείοισιν
950 1165 1059 1237 ἑστηκὸς
1074 1170 1171 1236 τοίλαις,
1189 1163 1194 1246 Ι
1210 1164 1283 1240 ίχλον

144 1254 169 1306 τ’
180 1252 237 1323 ἐρῶ.
262 1246 350 1304 Nulla
362 1245 531 1325 ambiguitas
540 1259 583 1305 est
594 1246 624 1303 in
636 1248 689 1305 hoc
736 1244 847 1323 παρέξεις
859 1246 1006 1312 territam

143 1326 281 1403 exemplo.
302 1327 439 1383 Futurum
454 1325 530 1384 enim
544 1337 589 1384 est
600 1333 687 1400 γεμιῢ.
779 1327 849 1383 ibid.
871 1325 995 1404 Scaliger
1014 1323 1191 1402 improbante
1209 1326 1282 1384 Bar-

187 1424 255 1481 343.
276 1406 363 1463 Laut.
377 1407 449 1479 οὐμὴ
462 1409 593 1480 προσοίσεις
605 1413 687 1480 χεῖρα.
738 1404 816 1463 nesio
830 1402 963 1480 είσομίρὲρ.
994 1403 1194 1482 Aristophanes
1211 1404 1282 1463 th.

143 1488 187 1544 nal
200 1489 349 1557 βακχεύσεις
367 1489 386 1542 δ’
401 1488 449 1542 loir.
481 1485 585 1542 Sensus
605 1483 688 1557 hujus
739 1485 807 1559 843·
822 1487 867 1542 οὐδ’
881 1481 1035 1559 ἔξομίρξεται
1053 1485 1143 1560 Πρίτις
1158 1486 1283 1560 τὴνεῦριι-

144 1585 238 1623 sersus
251 1576 312 1622 est:
334 1567 378 1633 Mt
391 1564 509 1641 τρίσφερε
524 1572 604 1639 χεῖρα,
618 1567 690 1620 ἀλλὰ
736 1567 857 1640 τρωκτίαν
870 1587 917 1620 σοι.
948 1563 1044 1625 Quum
1064 1562 1191 1632 omnium
1211 1583 1282 1622 con·

144 1647 255 1716 βάκχευε
268 1647 315 1701 ἰόν.
337 1644 465 1701 Alterum
480 1644 604 1721 ejusdem
618 1662 687 1700 con·
738 1663 822 1701 sensu
836 1641 919 1700 hodie
929 1643 1003 1719 apud
1013 1642 1228 1720 Aristophanem
1242 1643 1283 1703 le·

145 1722 306 1782 structionis
327 1723 485 1800 exemplum
506 1733 596 1780 exstat
616 1722 690 1779 iufra
737 1735 820 1802 gatur
843 1721 1042 1797 ἐιατομόρξετοιι,
1066 1723 1142 1780 haud
1165 1723 1284 1782 absurde

146 1822 172 1860 v.
193 1818 260 1878 791.
301 1803 449 1879 Quotquot
468 1803 543 1880 apud
563 1801 689 1859 scenicos
738 1801 853 1874 conjicit
870 1803 1022 1869 Porsonus,
1037 1801 1121 1860 etiam
1136 1803 1208 1880 apud
1223 1804 1284 1860 Eu·

145 1891 244 1960 poetas
265 1901 430 1960 repereram,
444 1881 544 1959 collegi
560 1882 596 1939 ad
609 1881 689 1938 Med.
739 1881 857 1958 ripidem
878 1880 1027 1958 legendum
1049 1900 1109 1938 esse
1127 1886 1181 1955 μηδ’
1195 1887 1282 1938 ἔνοικο-

150 1976 356 2037 1151=1120.
387 1961 466 2018 Male
486 1960 608 2037 Scaliger
623 1963 690 2029 βακ-
739 1957 829 2035 μίρξει.
873 1960 1027 2016 Timaeus:
1053 1957 1281 2036 Ἐξομοριρνιίμενοςτ

145 2046 258 2114 χείσοιις.
289 2042 325 2097 111
338 2037 691 2117 solaMusgravianalegi-
741 2038 920 2110 ἐκματτόμενος
933 2040 976 2094 καὶ
995 2043 1190 2110 δοτοτνιιοιίμενος.
1225 2037 1284 2096 Ubi

147 2132 194 2178 tur
210 2123 349 2192 βακχεύεις,
363 2118 447 2195 idque
468 2116 634 2196 typographi
648 2136 692 2174 er·
741 2117 811 2174 nihil
832 2118 921 2174 habeo
942 2116 1019 2192 quod
1037 2116 1139 2174 addam
1156 2116 1199 2186 iis,
1213 2136 1287 2194 quae

147 2218 219 2268 rore,
245 2211 277 2256 ut
301 2199 362 2275 ipse
384 2208 483 2256 monet
505 2195 691 2274 Mnsgravius.
741 2195 1021 2254 dixit-Ruhnkenius.
1218 2240 1222 2245 .

147 2281 222 2337 Sunt
242 2291 347 2345 tamen,
366 2277 415 2353 qui
436 2297 495 2335 non
518 2276 693 2354 typographo
782 2291 851 2350 345.
872 2276 1011 2334 Matthiae
1031 2278 1075 2344 τῆς
1094 2278 1139 2344 οῆς
1158 2280 1178 2335 δ’
1196 2280 1286 2344 ἀνοίας.

148 2359 199 2416 sed
219 2356 319 2416 editori
340 2358 413 2415 hanc
425 2356 588 2434 scripturam
604 2354 692 2412 tribu·
741 2357 843 2432 Neque
856 2375 912 2432 quo
925 2367 1039 2413 auctore
1055 2355 1220 2432 particulam
1235 2357 1286 2414 ad·

148 2449 208 2496 ant.
741 2434 855 2503 miserit,
877 2433 945 2492 mihi
965 2447 1085 2502 constat,
1105 2455 1198 2513 neque
1217 2434 1288 2514 quid

190 2533 259 2592 344.
280 2516 421 2596 Ambigua
441 2527 484 2575 est
504 2514 606 2574 Aldina
625 2513 693 2573 scri-
742 2535 775 2573 ea
788 2514 909 2572 admissa
921 2514 1021 2573 lucrati
1034 2514 1130 2573 simus.
1357 2521 1362 2530 '

148 2607 233 2690 ptura
244 2599 301 2670 μήδ’
315 2595 435 2673 ἑξοριίρξῃ.
457 2595 487 2653 Sl
500 2593 613 2671 ἐξοριίρξῃ
627 2596 692 2653 sub·
782 2595 852 2670 346.
880 2594 969 2652 Aldus
993 2598 1044 2670 δίκῃ
1067 2597 1175 2669 με’τειμι.
1209 2594 1287 2654 Dedi

143 2676 288 2751 Junctivus
321 2689 373 2744 est,
401 2674 627 2754 interrogationis
654 2673 692 2732 si·
742 2677 807 2745 δίκην
829 2693 846 2732 e
869 2693 932 2732 mea
957 2674 1044 2752 ipsius
1068 2673 1229 2747 conjectura
1251 2675 1288 2733 ad

150 2775 237 2834 gnum
251 2767 316 2834 post
329 2756 369 2813 hh
382 2756 543 2834 ponendum
565 2765 626 2812 est:
650 2753 694 2811 sin
743 2753 858 2812 Heracl.
880 2755 948 2828 852.
989 2755 1035 2811 Ita
1055 2765 1150 2812 noster
1170 2754 1242 2810 infra
1260 2772 1287 2812 v.

151 2847 246 2893 autem
259 2837 392 2902 firtruum,
406 2847 471 2912 post
484 2837 544 2908 ἐμοί.
565 2834 694 2891 Alterum
744 2834 812 2909 516.
834 2837 899 2909 ἀτάρ
918 2858 954 2889 τοι
975 2835 1042 2889 reat
1064 2832 1140 2888 ἄποιν’
1161 2835 1288 2907 septend-

151 2913 234 2987 hujus
245 2913 433 2994 ambiguitatis
443 2914 602 2990 exemplum
613 2931 694 2990 prae-
743 2937 791 2968 τοι
807 2909 813 2991 Ι
830 2913 927 2986 μέτεισι
948 2911 1059 2976 Διίνιοίς
1077 2917 1112 2978 τ’,
1124 2909 1150 2967 tu
1168 2918 1207 2968 οὐκ
1226 2908 1288 2968 εἶναι

151 2995 201 3052 bet
213 3006 310 3052 noster
323 2994 412 3070 Hipp.
424 2994 493 3050 606.
506 2995 541 3049 οὔ.
555 2995 590 3065 μὴ
601 2995 694 3067 προσιί-
744 2992 832 3064 λέγεις.
855 2990 1009 3065 Aeschylus
1023 2991 1107 3046 Eum.
1125 3009 1191 3064 230.
1205 2990 1287 3064 ἐγῶδ*

152 3097 197 3150 σῃς
209 3082 289 3149 χεῖρον,
303 3075 338 3145 μὴ
352 3077 371 3129 δ’
386 3073 440 3146 ἅψῃ
453 3074 558 3128 τίτλον.
586 3073 631 3128 Ita
644 3070 694 3128 Al·
749 3069 821 3144 (ἄγει
838 3074 886 3145 γὰρ
900 3067 967 3142 αἷμα
984 3073 1101 3144 μητρῷον)
1118 3074 1184 3137 δίκας
1201 3067 1207 3150 Ι
1224 3071 1288 3143 με’τ·

151 3153 213 3210 dns.
244 3153 340 3209 Nemo
353 3149 462 3208 dubitat
478 3157 503 3206 ui
519 3151 554 3222 μὴ
567 3153 697 3225 προσοίσεις
747 3172 797 3222 ιιριι
812 3149 878 3208 riade
891 3156 966 3226 φότοι
979 3151 1022 3205 καὶ
1034 3151 1165 3224 κυνηγέτις.
1194 3149 1289 3228 Vulgo

150 3240 224 3308 χεῖρα
237 3230 414 3288 scribendum
427 3248 496 3287 esse.
518 3229 622 3286 Utrum
632 3247 697 3285 vero
745 3233 786 3287 διὰ
797 3229 873 3302 μέσον
891 3240 957 3286 sunt
976 3230 1058 3286 rerba
1076 3229 1134 3304 ὅιρει
1153 3234 1203 3306 γὰρ
1222 3228 1290 3304 οἶμαι

150 3312 207 3386 ἅψῃ
222 3329 258 3367 an
272 3309 342 3382 ἅψει,
357 3308 449 3366 minus
463 3319 582 3364 constat.
616 3309 697 3365 Malo
744 3317 850 3383 μητρῷον
863 3312 938 3375 δίκας.
963 3307 1039 3370 Quid
1052 3308 1090 3366 sit
1102 3311 1145 3367 κο1
1158 3310 1290 3386 rumpia-a,

151 3387 265 3465 ἐξομίρξῃ
279 3401 308 3446 et
321 3389 376 3463 ἅψρ
390 3407 441 3465 pro
451 3387 552 3445 futuris
563 3386 696 3465 accipere,
745 3389 872 3446 nondum
887 3387 955 3446 mihi
968 3387 1066 3465 liquet.
1095 3390 1292 3464 Δίιηνμειιένιιι

152 3469 272 3546 ideoque
292 3465 410 3542 ἐξομίρξει
433 3478 462 3525 et
485 3467 545 3538 &lto
568 3467 696 3535 scribere,
745 3474 802 3525 τινὰ
815 3467 1038 3538 (11011111ιιῑδίκην
1051 3475 1207 3525 οιίτεῒντινοι.
1230 3469 1289 3525 Cu-

154 3547 221 3626 qnia
233 3561 277 3606 est
288 3546 338 3606 ubi
352 3548 439 3604 altera
459 3546 529 3606 ratio
549 3547 697 3624 scriptores
742 3545 789 3620 jus
803 3546 1018 3606 constructionis
1031 3567 1119 3604 unum
1131 3546 1291 3622 exemplum

154 3627 265 3686 Atticos
286 3628 400 3686 barbare
413 3626 559 3703 loquentes
573 3627 696 3684 inducat
747 3628 829 3695 dabo,
842 3628 918 3704 quod
930 3625 1031 3704 legitur
1044 3626 1118 3700 apud
1128 3623 1290 3700 Euripidem

154 3707 355 3784 Aristophanes
369 3707 444 3764 Ran.
460 3725 529 3780 300.
543 3712 580 3762 ot
599 3708 635 3777 μΙ
648 3730 697 3762 κοι-
747 3707 835 3764 Andr.
855 3725 940 3779 1093.
954 3711 1040 3780 τικρῢς
1059 3704 1084 3760 δὲ
1104 3704 1193 3777 πατρὸς
1212 3705 1293 3780 φόνιον

155 3795 214 3856 λεῒς,
232 3784 239 3866 Ι
257 3786 371 3864 ὄνθροφ’,
386 3787 493 3854 innodo,
512 3783 573 3858 μηδὲ
590 3792 699 3859 κατερεῖς
748 3786 846 3854 alvico
860 3788 923 3852 δίκην
940 3780 946 3862 Ι
964 3783 1065 3839 ἄνακτα
1078 3785 1172 3852 Φοῖβον.

155 3867 276 3939 τοίνομσς
297 3865 376 3925 Eccl.
394 3866 480 3941 1136.
500 3871 541 3921 adr
560 3859 597 3920 νίν
616 3862 699 3923 σίτοισι
790 3877 858 3938 347.
880 3862 968 3921 Aldus
979 3865 1063 3927 θάκοις
1072 3866 1160 3919 τούσδ’.
1182 3863 1293 3922 Brunc-

155 3948 219 4014 δῆτα
230 3947 341 4019 γενναίως
360 3951 426 4022 ἐρεῖς,
445 3941 451 4037 Ι
468 3945 511 4002 καὶ
527 3945 563 4018 μὴ
579 3945 699 4019 ταροιλεί·
748 3941 811 4001 llius
824 3961 858 4000 ex
871 3940 1068 4000 emendatione
1080 3941 1235 4022 Mttsgravli
1246 3947 1294 4000 θά·

155 4029 212 4094 οΙιεις
222 4026 317 4098 μηδέν’;
339 4025 375 4082 111
388 4025 491 4082 Aldina
502 4022 603 4102 legitur
615 4027 701 4098 καλῇς,
750 4047 802 4088 κους
808 4027 881 4081 τοῦδ’.
894 4021 1034 4079 Matthiae
1045 4020 1147 4080 lterum
1155 4027 1227 4081 ruht.
1241 4023 1292 4081 Tl-

157 4103 234 4180 quod
248 4103 359 4162 nonnisi
377 4105 520 4162 soloecum
540 4115 601 4160 ast:
624 4127 701 4160 κοτε·
750 4101 834 4161 resias
845 4103 920 4179 apud
928 4100 1096 4179 Sophoclem
1108 4103 1200 4178 Ant.9
1222 4121 1249 4177 9.
1261 4108 1295 4170 εις

157 4188 197 4258 ρῆς
210 4202 272 4240 vero
286 4195 315 4242 et
327 4187 481 4260 ταραλείΙκρς
496 4185 613 4241 barbara
626 4192 701 4242 sunt.
750 4187 799 4258 γὰρ
819 4183 924 4239 walada
945 4186 1016 4238 θᾶκον
1028 4182 1185 4257 ὄρνιθοσκίτον
1201 4121 1293 4260 ligor,

159 4263 297 4320 Futurum
321 4263 383 4321 sine
407 4261 595 4321 controversia
617 4262 703 4319 habet
752 4265 779 4318 h*
794 4257 879 4335 ἧνριοι
895 4262 984 4327 rumh
1002 4259 1086 4337 ὄρνιθος
1103 4263 1184 4333 λιμὴν,
1198 4284 1223 4316 κ.
1234 4283 1260 4316 τ.
1271 4264 1294 4316 ἑ.

158 4339 308 4418 Euripides
322 4343 389 4401 Hel.
399 4360 469 4417 444.
482 4346 524 4408 Τίς
541 4344 594 4416 τρὶς
611 4345 703 4398 τάλαι·
753 4341 832 4398 ldem
847 4342 921 4418 apud
934 4339 1096 4419 Euripidem
1106 4341 1214 4397 Phoen.
1226 4339 1294 4414 847.

159 4441 219 4488 σινς
249 4427 289 4479 οὐκ
313 4421 456 4491 &Mo
479 4422 563 4497 δόμον,
581 4416 589 4500 Ι
604 4422 649 4480 καὶ
668 4422 703 4496 μὴ
753 4419 1055 4500 θάκοισινένίεροίσιν,ο1
1067 4421 1228 4494 μαντεύομαι.
